4582 5690
1063 332 1102 395 13

1004 423 1161 432 -..-.-.

536 532 541 545 ἱ

360 547 517 622 Briegerus
539 547 658 622 (Philol.
682 548 797 621 XXIII,
831 568 879 626 pg.
904 552 982 625 407)
1009 551 1251 625 „spicarumque”
1282 549 1404 610 retineri
1432 549 1513 609 iubet
1536 566 1656 608 mouens
1681 550 1840 625 Vergilium
1871 552 1959 610 talem

202 670 317 713 versum
342 655 373 712 iu
398 660 536 727 quattuor
559 657 719 730 georgicon
742 655 826 716 libris
849 659 948 730 semel,
977 659 1008 716 in
1031 656 1172 717 Aeneidis
1201 657 1286 716 libris
1314 655 1429 730 saepius
1460 656 1644 729 adhibuisse,
1668 663 1698 716 et
1721 657 1800 730 quod
1827 658 1865 716 ad
1896 674 1960 716 scn-

202 761 323 820 tentiam
353 762 482 835 pertinet
513 779 571 822 non
601 762 721 822 dubium
753 781 816 823 esso
847 770 944 838 putat,
979 766 1049 839 quin
1076 782 1150 824 unus
1183 765 1305 839 quisque
1335 763 1532 823 Romanorum
1561 764 1610 837 qui
1639 763 1694 824 lros
1720 779 1820 823 versus
1849 765 1961 838 legeret

202 867 268 927 illas
292 869 387 942 spicas
411 885 474 928 esse
497 871 593 942 spicas
617 875 760 930 testaceus
784 872 986 931 intellecturus
1009 870 1107 932 luerit.

363 992 1004 1071 11111111111111111111811111111111111
1037 998 1114 1072 quod
1138 998 1226 1057 semel
1249 996 1390 1069 scriptum
1422 996 1591 1055 inveniatur
1614 1012 1671 1055 non
1695 997 1753 1055 iam
1786 1012 1848 1054 eam
1873 1012 1960 1055 unam

205 1099 241 1160 ub
265 1117 380 1160 causam
413 1102 443 1160 11
467 1104 663 1176 suspicionem
696 1104 857 1164 vocandum
881 1121 954 1178 esse,
988 1122 1082 1179 neque
1113 1111 1210 1165 tamen
1234 1104 1402 1164 Lucretium
1438 1104 1679 1178 „spicarumque”
1703 1105 1857 1178 scripsisse
1890 1103 1960 1162 111111

204 1208 357 1281 persuasit.
403 1209 532 1268 Prinmm
557 1211 633 1270 11111
656 1212 811 1285 pepereris
834 1229 939 1272 acervo
963 1213 1092 1287 lapidum
1117 1213 1282 1287 congeriem
1307 1212 1415 1285 opponi
1439 1212 1511 1270 satis
1535 1216 1587 1274 est.
1633 1211 1706 1271 Turn
1734 1212 1831 1285 siquid
1854 1211 1962 1271 addere

204 1315 290 1375 vellet
311 1322 410 1389 poeta,
444 1333 512 1375 num
536 1318 633 1391 spicas
655 1319 837 1394 adiungeret,
862 1337 920 1394 qua
944 1322 1068 1391 ratione,
1093 1320 1208 1380 etiamsi
1231 1319 1268 1379 ab
1295 1319 1428 1378 omnibus
1451 1325 1531 1379 recte
1554 1319 1734 1378 intellectum
1757 1319 1795 1378 iri
1819 1324 1960 1391 speraret,

203 1424 376 1497 gravitatem
400 1424 575 1486 elocutionis
597 1426 689 1486 minui
712 1428 849 1501 ignorare
872 1445 931 1488 non
954 1427 1078 1502 posset?
1105 1428 1209 1487 Nonne
1232 1427 1340 1501 potius,
1365 1427 1391 1485 si
1414 1427 1588 1502 gravitatem
1612 1442 1783 1487 acervorum
1806 1431 1872 1486 arte
1894 1443 1962 1486 rere

203 1530 380 1591 Lucretiana
403 1534 491 1592 etium
516 1534 670 1595 1116111111
693 1536 839 1609 gravitate
863 1541 1010 1610 tamquam
1034 1536 1196 1614 depingere
1212 1536 1362 1607 voluisset,
1389 1535 1634 1610 „tignorumque”
1658 1537 1703 1595 vel
1729 1530 1961 1608 „saxorumque”

203 1640 248 1697 vel
273 1640 345 1698 tale·
362 1641 473 1715 aliquid
507 1641 696 1716 scripsisset?
741 1642 792 1702 111.
820 1643 862 1702 Vl
889 1646 950 1703 102
986 1648 1161 1717 „praeterea
1193 1660 1286 1716 neque
1318 1647 1377 1700 lam
1411 1641 1557 1701 condenso
1591 1658 1716 1715 corpore
1747 1640 1839 1701 nubes
1861 1635 1876 1720 s
1899 1658 1962 1700 esse

202 1749 988 1826 qucumquameuntlapirlesactignm’11444:
1021 1766 1095 1824 quae
1118 1749 1203 1808 nobis
1231 1749 1336 1808 durata
1364 1764 1399 1807 ac
1431 1749 1526 1822 spissa
1558 1748 1703 1821 videntur,
1728 1740 1743 1829 l
1765 1748 1838 1808 hacc
1868 1748 1962 1823 magis

203 1853 329 1913 hamatis
352 1856 430 1914 iuter
453 1872 517 1914 sese
541 1873 604 1915 esse
628 1862 775 1916 necessest
797 1850 813 1938 l
836 1863 865 1917 et
889 1859 972 1932 quasi
1004 1858 1128 1918 ramosis
1151 1858 1211 1917 alte
1234 1862 1387 1929 compacta
1418 1856 1521 1915 teneri,
1544 1849 1559 1935 s
1582 1857 1613 1915 in
1642 1872 1699 1930 quo
1722 1857 1780 1915 iam
1803 1871 1910 1930 genere
1933 1856 1964 1914 iu

204 1961 305 2034 primis
328 1961 516 2021 adamantina
539 1981 611 2022 suaa
633 1957 649 2045 s
672 1965 767 2037 prima
789 1965 853 2024 acie
876 1970 1022 2036 constant,
1056 1966 1132 2024 ictus
1164 1971 1348 2024 contemnere
1376 1970 1469 2036 sucta,
1493 1956 1508 2043 l
1532 1970 1561 2023 et
1584 1964 1674 2023 validi
1702 1964 1810 2035 silices,
1839 1980 1874 2021 ac
1897 1962 1963 2021 duri

203 2067 313 2128 robora·
343 2068 423 2140 ferri,
449 2062 463 2145 l
486 2086 612 2144 aeraque
645 2088 719 2145 quac
752 2072 887 2131 claustris
902 2056 905 2059 ¹
920 2073 1063 2131 restantia
1086 2071 1292 2133 vociferantm·.
1316 2064 1332 2151 l
1355 2072 1406 2130 illa
1430 2071 1545 2145 quidem
1575 2069 1682 2130 debent
1705 2089 1721 2130 e
1742 2071 1853 2130 levibus
1876 2076 1964 2145 atque

204 2175 336 2235 rutundis
359 2170 374 2257 1
398 2193 461 2236 esse
492 2178 595 2252 arogis,
630 2177 738 2237 fluvido
769 2194 844 2252 equae
876 2196 999 2252 corpore
1029 2179 1142 2254 liquida
1173 2184 1317 2240 constant.
1342 2174 1357 2259 s
1381 2196 1503 2253 irataque
1532 2178 1687 2252 papaveris
1715 2179 1836 2238 haustus
1865 2178 1964 2237 itemst

204 2281 298 2342 facilis
323 2285 406 2358 quasi
429 2302 570 2359 aquamm
594 2280 608 2367 f
632 2302 685 2345 nec
708 2286 873 2345 retineatur
896 2287 972 2345 enim
997 2287 1075 2345 inter
1098 2303 1129 2345 sc
1152 2286 1362 2362 glomeramina
1385 2302 1516 2360 quaeque
1538 2280 1553 2367 s
1577 2291 1605 2345 et
1629 2302 1787 2359 procursus
1810 2285 1879 2345 item
1896 2301 1964 2358 pro·

203 2391 278 2449 clive
302 2391 439 2451 volubilis
463 2399 568 2452 exstat.
1326 2400 1328 2405 ⁴

363 2516 502 2577 Codicum
533 2510 624 2593 igitur
657 2522 805 2593 scriptura
833 2522 862 2579 ui
887 2519 975 2579 fallor
1003 2521 1123 2579 retineri
1154 2537 1213 2579 non
1244 2525 1350 2593 potest.
1397 2517 1601 2578 Laclrmaunus
1626 2517 1877 2592 „deliberandum
1911 2517 1963 2589 ait,

203 2629 304 2697 restat,
337 2626 434 2699 siquid
467 2628 588 2700 propius
611 2627 648 2687 ad
682 2629 857 2701 scripturam
891 2627 1022 2687 codicum
1047 2627 1189 2687 accedens
1221 2624 1345 2686 Inveniri
1369 2627 1472 2700 possit,
1507 2644 1592 2700 quam
1625 2627 1702 2700 quod
1735 2626 1805 2685 mihi
1839 2632 1963 2684 meatem

202 2739 306 2804 poetae
330 2733 440 2806 optime
463 2735 627 2807 exprimere
643 2734 772 2793 videtur:
798 2735 860 2808 „nt
883 2742 986 2794 contra
1008 2735 1138 2808 lapidum
1162 2735 1324 2794 conlectum
1344 2726 1830 2814 1111111111)11111111111.”
1865 2730 1962 2790 Etiam

204 2838 436 2912 Bouterwekius,
462 2842 511 2915 qui
534 2842 719 2914 „conlectum
737 2844 779 2901 vis
803 2842 967 2916 aquilonis''
983 2843 1064 2902 dedit
1086 2843 1134 2918 (de
1150 2842 1281 2903 Lucretii
1298 2841 1398 2902 codice
1415 2842 1595 2915 Victoriana,
1610 2841 1697 2900 Halle
1717 2842 1811 2914 1865,
1836 2857 1882 2913 pg.
1902 2837 1963 2912 16),

205 2948 379 3007 sententiam
404 2951 501 3022 potius
526 2967 611 3023 quam
636 2950 725 3009 verba
748 2951 903 3009 restituere
927 2950 1050 3010 videtur.

363 3091 509 3166 Bergkius
533 3100 562 3152 et
587 3094 622 3155 II.
647 3094 679 3155 F.
703 3094 890 3154 Hermannus
922 3095 960 3154 ad
992 3096 1073 3153 lusus
1105 3093 1281 3153 descendere
1305 3093 1449 3165 videntur,
1482 3092 1531 3151 hic
1557 3091 1676 3167 (Philol
1701 3091 1784 3164 VIII,
1815 3109 1863 3166 pg.
1890 3091 1966 3164 180)

208 3215 363 3273 „ruarpere
386 3201 493 3274 spira,’'
517 3202 568 3262 ille
598 3197 715 3281 (Jahrb.
741 3205 793 3277 67,
825 3221 872 3278 pg.
897 3199 975 3282 320)
1009 3203 1129 3275 „spicea
1151 3204 1245 3260 runu“
1271 3200 1450 3261 conicienda.
1498 3200 1624 3272 Propius
1647 3198 1685 3258 ad
1710 3199 1849 3258 librorum
1874 3198 1965 3271 scrip·

205 3284 301 3364 turam
335 3307 477 3367 accedunt
510 3310 696 3371 coniecturae
719 3311 885 3385 Bernaysii:
917 3326 1044 3383 „caurus
1076 3309 1220 3381 movere,'’
1243 3308 1374 3368 Munroii
1400 3310 1485 3382 „ipse
1517 3324 1603 3367 eurus
1636 3307 1780 3380 movere,”
1805 3306 1964 3366 Purmauni

203 3404 328 3487 (quaest.
352 3392 439 3475 Lucr.
463 3414 585 3476 Laubau
613 3418 708 3489 1858,
733 3436 781 3493 pg.
808 3420 860 3493 10)
883 3417 1029 3490 „disicere
1052 3417 1213 3503 umquam’'.

364 3558 466 3632 Neque
490 3565 586 3619 tamen
620 3560 664 3618 illi
687 3577 801 3619 versum
832 3561 980 3620 sanavisse
1012 3559 1082 3619 mihi
1111 3560 1255 3621 videntur.
1302 3558 1482 3633 Quamquam
1513 3560 1591 3618 enim
1615 3559 1804 3618 Lachmanno
1836 3557 1964 3617 concedo

205 3666 370 3740 congeriem
395 3667 524 3740 lapidum
547 3684 605 3727 non
629 3684 716 3741 posse
740 3669 902 3728 coniectum
927 3668 1080 3742 appellari,
1106 3674 1202 3726 tamen
1218 3668 1367 3727 conlectus
1390 3667 1520 3739 lapidum
1541 3667 1598 3726 hoe
1620 3667 1686 3726 loco
1710 3683 1768 3725 nou
1785 3665 1844 3723 dici
1862 3661 1965 3724 mellus

207 3788 295 3845 posse
317 3773 389 3831 mihi
414 3774 536 3834 videtur.
585 3776 672 3849 Aqua
695 3776 845 3849 colligitur
868 3782 897 3833 11
920 3777 1070 3835 conlectus
1093 3791 1186 3849 aquae
1209 3781 1254 3833 est
1279 3773 1469 3849 „Sammlung
1492 3791 1548 3833 von
1572 3773 1703 3846 Wasser,
1732 3772 1965 3844 Wasserlache,”

203 3879 317 3953 lapides
341 3898 410 3940 vero
434 3888 633 3956 congeruntur
656 3884 701 3941 rel
725 3888 943 3955 coacervantur,
968 3899 1061 3956 aeque
1085 3883 1121 3941 de
1136 3883 1269 3943 coniectu
1293 3881 1422 3955 lapidum
1447 3898 1618 3955 quemquam
1642 3886 1760 3954 praeter
1783 3880 1966 3949 metallorum

204 3988 702 4063 11111111111111111111111111,
748 3989 830 4049 Haec
853 3989 980 4050 fortasse
1010 4007 1098 4049 causa
1120 3988 1186 4062 1111,
1216 4006 1267 4048 111
1291 3987 1519 4063 Grasbergerus,
1552 3988 1633 4047 cuius
1664 3988 1901 4047 dissertationem
1930 3986 1967 4046 de

206 4093 336 4154 Lucretii
361 4098 490 4156 carmine
512 4098 673 4172 (Mdncheu
696 4095 794 4172 1856)
815 4098 960 4171 inspicere
983 4098 1054 4157 mihi
1078 4115 1136 4157 uon
1159 4097 1251 4169 licuit,
1278 4097 1449 4170 „coniectus
1466 4097 1594 4169 percitus
1618 4095 1686 4155 aer”
1709 4095 1838 4154 seribere
1857 4096 1965 4155 mallet.

203 4201 267 4276 (111.
296 4203 402 4264 Philol.
433 4204 546 4278 XXVI,
584 4223 631 4280 pg.
664 4206 751 4279 829.)
805 4206 847 4264 At
879 4206 909 4264 iu
943 4222 1028 4265 versu
1056 4204 1082 4264 V
1111 4207 1175 4264 116
1210 4222 1294 4279 quem
1327 4205 1376 4263 illc
1411 4204 1512 4263 attulit
1546 4204 1618 4277 „sed
1651 4202 1756 4277 quilius
1789 4204 1840 4262 ille
1871 4203 1967 4263 modis

205 4310 354 4370 coniectus
378 4312 514 4371 materiai
537 4305 552 4393 s
575 4312 706 4371 laudarit
729 4319 838 4372 terram
871 4319 900 4371 et
924 4313 1035 4371 caelum
1058 4314 1199 4386 pontique
1231 4311 1387 4386 profunda,
1412 4304 1427 4393 s
1451 4311 1522 4371 solis
1553 4310 1632 4370 lunai
1657 4327 1769 4383 cursus,
1803 4327 1839 4369 ex
1864 4310 1967 4370 ordine

203 4419 328 4492 ponam”
353 4421 502 4479 coniectus
526 4422 661 4480 materiai
691 4437 750 4479 uon
773 4426 819 4480 est
842 4437 963 4479 acervus
992 4420 1136 4492 materiai,
1170 4420 1220 4479 sed
1249 4420 1348 4493 potius
1380 4420 1505 4492 impetus
1536 4419 1679 4477 materiai.
1725 4416 1776 4477 cir.
1801 4418 1852 4490 Vl,
1888 4418 1967 4477 435:

204 4525 259 4585 hoc
282 4525 316 4585 lit
340 4527 389 4586 ubi
413 4526 558 4587 interdum
583 4545 641 4588 111
665 4529 728 4601 quit
751 4528 795 4586 vis
819 4528 910 4586 incita
933 4528 1012 4586 venti
1035 4521 1050 4606 s
1073 4545 1208 4601 rumpere
1231 4545 1317 4602 quam
1341 4528 1439 4601 coepit
1463 4525 1577 4599 nubem,
1613 4526 1665 4585 sed
1689 4525 1837 4599 deprimit,
1871 4524 1967 4583 11111

203 4644 218 4732 J
240 4634 271 4692 11
295 4650 375 4694 mare
398 4635 433 4695 de
457 4635 538 4694 eaelo
561 4643 708 4709 tamquam
732 4634 857 4694 demissa
880 4635 1023 4706 columna,
1047 4630 1062 4717 l
1086 4636 1240 4709 paulatim,
1266 4635 1349 4708 quasi
1373 4635 1443 4709 quId
1468 4651 1588 4709 „pugno
1608 4633 1785 4707 bracchique
1804 4648 1929 4707 superne
1952 4625 1966 4713 f

204 4744 339 4802 coniectu
367 4743 502 4801 tradatur
526 4748 554 4802 et
578 4742 754 4801 extendatur
776 4743 806 4800 11
835 4742 953 4801 undas.''
1006 4742 1163 4804 Praeterea
1201 4743 1351 4816 „percitus
1383 4743 1451 4802 aer”
1479 4759 1497 4800 a
1526 4741 1667 4803 librorum
1702 4741 1848 4814 scriptura
1881 4743 1967 4815 longe

203 4849 288 4909 abest
311 4854 340 4909 et
364 4850 544 4910 constructio
568 4848 723 4909 admodum
747 4849 833 4908 tarda
856 4854 886 4908 et
908 4849 983 4910 dura
1006 4848 1048 4912 lit.
1071 4881 1108 4893 -
