4582 5690
394 578 476 639 Nihil
500 580 633 652 interest,
666 586 763 639 utrum
796 581 863 654 equi
896 580 1023 641 triennio
1052 598 1090 640 an
1114 581 1254 641 decennio
1282 580 1445 641 adderem
1474 578 1656 653 perveniant.
1702 575 1836 650 epatium
1860 562 1993 635 decennii

233 687 330 763 logias
354 705 447 762 neque
479 692 576 746 tamon
607 686 702 746 minas
734 692 846 747 certum
878 695 923 747 est
946 705 1032 762 quam
1056 688 1183 763 spatium
1215 689 1344 752 triennii.
1398 689 1544 747 Incertum
1576 691 1690 758 tempus
1719 683 1805 757 foret,
1842 683 1867 742 si
1891 682 1994 743 fierent

233 797 354 856 invenes
377 795 475 855 subito
497 812 535 854 ex
558 793 719 854 infantibus
742 795 841 869 parvis
865 788 881 877 l
903 813 920 855 e
943 801 1081 870 terraque
1104 802 1209 857 555555
1231 802 1351 871 repente
1375 796 1496 856 arbusta
1519 795 1642 853 salirent
1663 793 1690 868 (Ι
1719 792 1801 867 186).

395 902 452 962 Sed
484 919 521 962 ue
553 903 583 961 in
616 903 735 963 dumeta
766 918 927 977 eorrepam,
962 919 997 963 eo
1029 903 1106 964 unde
1137 921 1270 979 egressus
1303 922 1366 965 snm
1398 909 1539 964 revertor.
1586 901 1617 961 si
1646 900 1826 975 praepositio
1851 901 1910 971 „a“
1936 916 1994 959 nou

236 1018 345 1071 temere
368 1009 471 1070 addita
493 1010 643 1084 propriam
666 1011 724 1069 vim
748 1015 838 1084 tenet,
863 1018 896 1070 ot
919 1011 1089 1071 vertendum
1113 1013 1152 1071 sit
1175 1029 1254 1085 „von
1278 1012 1360 1089 einer
1382 1011 1569 1071 bestimmten
1593 1008 1659 1068 Zeit
1681 1026 1729 1082 an,
1761 1007 1817 1067 seit
1840 1005 1994 1066 51555155-

236 1118 384 1178 stimmten
407 1117 505 1189 Zeit,“
530 1134 594 1177 cnm
618 1116 715 1177 verbis
740 1117 846 1191 „finita
868 1120 954 1178 simol
982 1121 1144 1195 generatim
1177 1125 1311 1195 tempora
1340 1125 1430 1193 stare,
1464 1118 1590 1193 qaibns“
1620 1115 1710 1177 verba
1733 1121 1927 1189 „conceptum
1952 1146 1993 1156 -·

235 1225 323 1287 finis“
347 1243 407 1286 non
430 1226 487 1285 iarn
510 1225 717 1300 respondeant,
741 1227 829 1286 etiam
854 1225 936 1288 flens
957 1228 1078 1299 mendo,
1103 1243 1188 1301 qnam
1212 1227 1331 1302 pluriam
1354 1232 1563 1301 poposcerant,
1588 1225 1618 1284 in
1631 1241 1717 1285 versu
1742 1222 1804 1284 555
1830 1223 1996 1283 necessaria

236 1349 294 1393 non
316 1337 370 1394 ost.

395 1439 1249 1518 Η5555555515555(5555551555555Ρ51151.11155.
1275 1441 1353 1518 700)
1384 1459 1447 1502 eam
1480 1458 1517 1500 ne
1548 1440 1619 1501 ferri
1643 1439 1759 1514 quidem
1787 1455 1873 1513 posse
1897 1443 1996 1497 censet

235 1555 265 1608 ct
288 1548 430 1621 explicat:
455 1548 501 1620 „si
525 1552 607 1607 certo
630 1548 733 1622 quovis
756 1547 897 1621 temporis
920 1555 1067 1609 momento
1091 1550 1134 1609 rei
1151 1548 1307 1609 cuiuslibet
1328 1548 1498 1610 formandae
1521 1547 1637 1607 initium
1661 1547 1706 1606 uel
1730 1545 1793 1605 lieri
1817 1546 1863 1605 vel
1886 1544 1995 1605 factum

235 1655 326 1716 fuisse
349 1653 484 1730 fingeres,
509 1655 547 1714 ed
572 1652 780 1729 perficiendam
813 1661 910 1715 tamen
943 1655 1149 1716 formationem
1181 1658 1244 1717 eins
1268 1675 1362 1731 neque
1393 1656 1470 1731 quod
1501 1656 1538 1717 ab
1563 1656 1669 1715 initiali
1693 1654 1746 1715 illo
1769 1659 1916 1714 momento
1939 1654 1996 1713 hae

235 1780 326 1837 usquo
348 1763 580 1837 praeterlapsum
604 1768 682 1822 esset
705 1768 829 1836 tempus,
854 1780 949 1838 neque
981 1762 1073 1824 futuri
1096 1765 1160 1825 aeui
1191 1764 1307 1825 infinita
1336 1770 1419 1825 aetas
1449 1765 1543 1825 omnia
1572 1764 1728 1823 sufficeret.
1773 1761 1839 1823 Nou
1863 1762 1996 1837 igitura

235 1868 307 1930 flore
330 1875 445 1930 5555555
468 1869 575 1930 aetatis
598 1886 645 1930 res
668 1869 825 1930 Lucretius
849 1876 940 1944 arcet,
975 1871 1026 1931 sed
1054 1871 1132 1946 qnod
1157 1878 1330 1946 conceptum
1354 1872 1450 1946 fingit,
1483 1888 1519 1931 ue
1550 1871 1588 1932 ad
1611 1875 1727 1944 partam
1752 1869 1869 1944 quidem
1893 1885 1995 1943 perva-

235 1978 305 2038 dere
328 1977 493 2041 coneedit.“
540 1978 632 2051 Quam
656 1978 694 2037 ob
718 1995 777 2038 rem
802 1995 820 2037 5
841 1978 1017 2038 restituendi
1040 1980 1193 2040 conamine
1216 1996 1338 2053 prorsus
1361 1979 1511 2040 abstinens
1535 1980 1566 2038 in
1589 1995 1624 2038 eo
1648 1978 1781 2051 persistit
1804 1976 1936 2048 Lotains,
1961 1982 1995 2036 55

234 2086 295 2146 tale
326 2085 438 2159 aliquid
470 2086 623 2159 scripsisse
655 2092 739 2160 putet
761 2086 941 2160 Lucretium,
975 2086 1062 2161 quale
1093 2086 1151 2146 lrcc
1182 2093 1227 2147 est
1261 2093 1315 2160 „ut
1347 2088 1389 2147 nil
1419 2104 1455 2147 ex
1485 2087 1546 2145 illis
1563 2098 1595 2145 ’5
1625 2090 1706 2146 certo
1736 2090 1868 2159 tempore
1895 2089 1996 2159 posset

234 2199 407 2267 conceptum
430 2194 555 2268 pumen
579 2194 687 2253 aetatis
710 2193 871 2267 pervadere
893 2195 1013 2256 limen.“

394 2300 497 2375 Neque
519 2305 617 2361 tamen
641 2300 687 2360 his
710 2299 876 2374 subscrib03
909 2318 975 2361 nam
999 2303 1102 2361 etamsi
1126 2318 1190 2359 eum
1214 2301 1319 2361 Lotzio
1343 2301 1495 2362 consentio
1519 2301 1688 2362 Lucretium
1717 2299 1827 2359 dixisse
1855 2299 1929 2358 nihil
1958 2316 1993 2359 ex

233 2408 294 2467 illis
317 2407 491 2481 corporibus
514 2408 667 2469 admodum
691 2406 854 2468 debilitatis
877 2410 957 2469 nasci
981 2425 1077 2482 posse,
1102 2415 1199 2469 tamen
1222 2426 1281 2469 non
1298 2409 1382 2470 video
1399 2426 1451 2468 cnr
1465 2415 1555 2482 poeta
1569 2415 1686 2470 auctum
1709 2424 1806 2468 rerum
1829 2408 1994 2483 genitarum

232 2531 460 2575 commemorare
483 2533 542 2576 non
565 2516 705 2589 potuerit.
728 2515 782 2576 cfr.
798 2515 830 2575 11
847 2509 1007 2598 545l546:
1031 2516 1147 2576 infinita
1170 2521 1268 2576 tamen
1288 2518 1345 2576 uisi
1362 2518 1419 2577 erit
1435 2517 1479 2576 sis
1495 2518 1639 2591 materiai,
1663 2510 1678 2598 s
1700 2516 1778 2576 unde
1801 2532 1836 2575 ea
1858 2515 1995 2591 progigni

233 2623 326 2696 possit
349 2630 502 2697 concepta,
527 2625 622 2683 creari
645 2617 661 2703 l
684 2641 742 2684 non
766 2626 886 2697 poterit,
911 2640 1015 2698 neque,
1040 2599 1283 2697 quod'supcrest
1308 2641 1496 2698 procrescere
1519 2626 1625 2703 alique.
1671 2624 1701 2682 11
1725 2624 1806 2683 563:
1839 2639 1994 2697 numquam

233 2732 263 2790 in
287 2731 442 2791 concilium
465 2737 498 2790 nt
513 2731 629 2804 possint
644 2732 795 2805 compulsa
817 2733 897 2792 coire
912 2726 927 2813 s
942 2749 997 2791 nec
1020 2733 1162 2792 remorari
1186 2733 1216 2790 in
1240 2734 1367 2793 concilio
1390 2749 1444 2791 nec
1469 2749 1600 2792 crescere
1623 2733 1754 2794 adaucta.
1794 2730 1897 2805 Neque
1919 2730 1994 2789 sidit

232 2837 354 2898 Lotzius
377 2838 546 2898 Lucretium
574 2839 672 2898 verbis
700 2839 819 2899 traditis
847 2840 904 2899 iarn
928 2855 1036 2915 negare
1060 2841 1214 2914 quicquam
1239 2857 1275 2899 ex
1299 2841 1359 2900 illis
1382 2841 1498 2914 concipi
1528 2842 1574 2915 (et
1597 2841 1703 2901 aetatis
1726 2839 1886 2914 peruadere
1909 2838 1994 2913 fines)

229 2962 315 3021 posse
339 2953 370 3005 et
392 2945 479 3004 ulmis
502 2944 662 3007 artificiose
684 2946 774 3006 uerba
797 2962 837 3020 „a
860 2953 941 3008 certo
965 2948 1114 3023 ternpore”
1139 2948 1306 3021 explicavit.

390 3052 505 3112 Omissa
527 3070 598 3113 voce
622 3056 806 3126 „summum“
830 3054 903 3114 lraea
931 3055 987 3114 erit
1018 3055 1172 3117 sententia.
1229 3053 1260 3115 Si
1284 3055 1392 3113 nullam
1422 3054 1508 3114 linem
1539 3062 1646 3117 natura
1668 3060 1803 3127 parasset
1825 3052 1994 3127 frangendis

230 3158 326 3230 rebus,
350 3159 409 3218 iam
426 3159 551 3219 antehac
567 3177 693 3234 corpora
711 3161 852 3220 materiae
869 3178 960 3235 nsque
982 3162 1103 3221 redacta
1122 3161 1217 3222 forent
1238 3179 1310 3222 aevo
1330 3161 1483 3237 frangente
1503 3163 1611 3237 priore,
1635 3167 1669 3220 ut
1696 3167 1808 3221 certum
1831 3161 1993 3220 exstitisset

229 3271 354 3345 tempus,
378 3282 396 3325 5
418 3284 476 3341 555
500 3268 575 3327 nihil
598 3284 633 3327 ex
658 3268 717 3327 illis
741 3270 856 3342 concipi
880 3275 911 3328 et
934 3271 1040 3329 aetatis
1058 3268 1131 3329 fines
1154 3270 1315 3343 pervadere
1337 3277 1446 3343 posset.
1487 3270 1579 3344 ldque
1603 3287 1655 3329 eur
1677 3275 1782 3342 sumat,
1802 3275 1891 3343 poeta
1913 3274 1993 3328 recte

228 3374 370 3448 proximis
386 3372 483 3434 serbis
507 3376 635 3448 explieat
660 3392 748 3449 „nam
773 3374 888 3450 quidvis
902 3377 990 3436 eitius
1005 3376 1125 3437 dissolvi
1150 3392 1236 3451 posse
1260 3377 1390 3436 videmus
1408 3394 1495 3451 quam
1518 3393 1620 3436 rursus
1635 3369 1783 3451 refici.“*)
1803 3375 1993 3450 Aliquamdin

229 3480 453 3555 cuimfortasse,
478 3483 594 3541 etiamsi
613 3481 766 3557 frangendi
780 3483 846 3542 finis
870 3501 928 3544 non
946 3489 1103 3557 constaret,
1129 3485 1283 3544 dissolutio
1307 3491 1336 3544 et
1359 3487 1504 3545 recreatio
1527 3485 1607 3545 inter
1620 3501 1652 3543 55
1670 3489 1827 3555 certarent,
1852 3483 1904 3543 sed
1927 3500 1991 3542 enm

229 3589 380 3662 paullatim
408 3589 501 3649 multo
534 3590 620 3663 plura
650 3590 880 3651 dissolverentur
912 3608 998 3665 quam
1031 3596 1245 3663 recrearentur,
1280 3598 1309 3650 et
1332 3598 1433 3665 partes
1461 3592 1690 3665 primordiorum
1721 3591 1814 3665 magis
1842 3591 1992 3665 magisque

229 3695 435 3755 detererentnr
458 3703 487 3755 et
511 3697 747 3770 detruderentur,
772 3699 934 3771 primordia
955 3716 1015 3759 uon
1039 3706 1099 3759 tam
1122 3698 1202 3757 varie
1226 3701 1338 3759 conecti
1362 3708 1489 3773 possent.
1513 3699 1648 3772 Denique
1671 3716 1706 3758 co
1729 3716 1777 3758 res
1800 3699 1990 3772 pervenisset,

229 3810 261 3862 nt
285 3802 446 3877 primordia
469 3820 526 3864 uon
551 3806 608 3864 iam
633 3811 730 3864 555555
753 3805 887 3879 partibus
906 3813 993 3866 ancta
1017 3823 1109 3881 neque
1129 3805 1271 3866 habereut
1294 3824 1329 3866 ea
1352 3824 1426 3880 qnae
1445 3806 1533 3867 debet
1547 3807 1686 3882 genitalis
1709 3805 1818 3865 habere
1841 3807 1991 3865 materies:

230 3912 327 3971 uarios
350 3927 488 3985 conexus,
514 3912 654 3985 pondera,
679 3912 791 3988 plagas,
817 3931 985 3987 concursus,
1009 3921 1116 3988 motus,
1140 3931 1194 3987 per
1216 3931 1291 3988 quae
1315 3932 1362 3974 res
1385 3931 1517 3989 quaeque
1540 3920 1683 3990 geruntur
1704 3912 1769 3989 (cfr.
1792 3913 1807 3971 1
1832 3915 1896 3973 628
1909 3915 1991 3988 sqq).

229 4020 327 4094 Atque
357 4025 479 4092 propter
510 4017 654 4078 infinitam
688 4020 829 4094 temporis
861 4022 1003 4081 transacti
1035 4024 1262 4097 perpetuitatem
1296 4029 1407 4083 certum
1437 4023 1556 4096 aliquod
1589 4022 1729 4097 temporis
1762 4027 1900 4094 puuctum
1933 4021 1991 4080 iam

230 4126 365 4200 venisset,
400 4144 497 4201 5555
521 4128 676 4188 dissolutio
700 4130 911 4189 recreationem
934 4130 977 4188 ita
1000 4130 1128 4203 vicisset,
1162 4138 1195 4190 nt
1218 4130 1291 4190 nihil
1316 4130 1372 4189 iam
1396 4130 1524 4189 recreari
1547 4135 1656 4203 posset.
1703 4129 1891 4203 Quapropter
1913 4128 1991 4202 quod

229 4252 320 4309 neque
349 4236 386 4295 ad
415 4235 471 4295 hoc
501 4243 612 4296 certum
640 4244 755 4311 tempus
783 4234 899 4297 infinita
930 4243 1012 4298 aetas
1044 4238 1213 4297 disturbans
1245 4238 1465 4311 dissolvensqne
1499 4235 1649 4312 fregisset,
1693 4253 1848 4310 numquam
1880 4237 1992 4297 relicuo

229 4343 361 4415 reparari
385 4349 517 4417 tempore
539 4350 647 4416 posset.
678 4343 763 4403 Nunc
786 4360 865 4418 vero,
891 4362 955 4403 cum
975 4347 1073 4406 omnia
1095 4363 1209 4419 semper
1232 4344 1324 4417 retici,
1350 4345 1437 4405 immo
1461 4345 1549 4404 etiam
1566 4343 1650 4403 linita
1672 4345 1834 4419 generatim
1858 4350 1991 4418 tempora

229 4447 317 4509 rebus
339 4455 418 4510 stare
441 4450 599 4524 videamus,
624 4450 729 4525 quibus
752 4452 866 4525 possint
889 4453 953 4512 aevi
978 4454 1148 4528 contingere
1172 4452 1282 4526 dorem,
1315 4453 1367 4511 illa
1390 4453 1545 4513 dissolutio
1570 4451 1686 4512 infinita
1713 4468 1776 4512 esse
1800 4469 1857 4513 non
1880 4457 1988 4526 potest,

229 4556 280 4616 sed
303 4565 449 4618 certarnen
473 4575 597 4631 aequam
621 4557 727 4618 lactum
752 4564 806 4632 est,
831 4560 909 4634 qood
932 4560 962 4619 11
987 4562 1049 4620 569
1075 4580 1137 4635 sqq.
1161 4560 1356 4635 pulcherrime
1379 4561 1571 4620 describitur:

389 4732 415 4799 ⁴)
434 4733 589 4784 Coniunctis
622 4738 717 4799 „rram“
749 4749 802 4783 non
830 4734 895 4785 bene
920 4750 1064 4799 congruere
1087 4735 1190 4786 videtur
1217 4751 1275 4786 cum
1299 4735 1513 4801 interpretatione
1543 4750 1632 4785 eornm
1658 4735 1703 4801 qui
1727 4750 1769 4785 res
1791 4742 1891 4784 tantum
1917 4743 1987 4784 certo

229 4831 345 4888 tempore
364 4820 396 4871 ad
414 4822 504 4873 florem
523 4830 693 4890 perventuras
712 4838 771 4873 esec
789 4832 895 4888 negant.
932 4824 979 4878 cfr.
1000 4824 1107 4875 Christii
1133 4833 1233 4890 quaest.
1252 4824 1339 4897 Lucu,
1357 4840 1403 4898 pg.
1426 4828 1457 4879 13
1482 4824 1526 4895 qui
1551 4839 1611 4881 eum
1630 4825 1710 4875 aliam
1736 4824 1989 4899 argumentationem

228 4910 321 4962 inferri
337 4918 440 4978 putaret
458 4911 546 4974 ,5555ιι
564 4926 612 4979 pro
632 4912 727 4975 „aam“
746 4911 827 4963 5551151
845 4912 931 4965 iussit
