4582 5690
1136 289 1156 358 8

428 503 566 574 Venimus
585 514 642 573 iarn
662 512 699 572 ad
719 526 819 573 versus
840 512 903 599 577
909 512 1025 586 -583,
1050 513 1155 586 quibus
1174 513 1291 585 iniuria,
1316 512 1346 571 ni
1366 510 1462 584 fallor,
1486 509 1804 586 interpretesordinenr
1816 502 2026 573 sententiarum

266 622 380 683 turbari
403 626 589 697 putauerunt.
634 621 736 695 Fingit
759 625 848 693 poeta
870 637 902 679 sc
925 620 1102 679 aduersariis
1125 620 1287 693 primordia
1310 620 1405 681 solida
1428 636 1486 679 nou
1510 636 1574 679 esse
1600 620 1769 693 concedere,
1794 619 1900 680 deinde
1928 627 2025 680 tamen

267 731 410 790 neminem
438 745 570 804 quaeque
601 745 726 802 corpora
757 728 844 786 etiam
877 743 952 785 nunc
975 743 1127 800 superesse
1150 744 1258 802 negare
1281 745 1367 801 posse
1391 728 1473 798 dicit,
1506 744 1571 786 cum
1600 743 1647 787 res
1680 726 1776 786 adhuc
1807 744 1843 786 ex
1877 728 1914 786 iis
1943 745 2025 802 repa·

268 843 379 901 ruutnr.
426 837 481 896 Illa
503 852 575 896 nero
599 852 724 909 corpora
747 835 877 908 periculo
901 834 1028 893 nondum
1052 836 1192 908 temptari
1211 836 1352 909 potuisse,
1378 836 1514 909 quoniam
1534 842 1657 908 propter
1676 833 1864 910 fragilitatem
1894 835 2027 909 peritura

266 943 356 1004 fuisse
379 944 557 1006 viderentur.
603 944 653 1016 At,
678 944 730 1014 ait,
760 946 883 1015 apparet
907 940 1069 1015 primordia
1091 947 1211 1002 aeterno
1235 949 1367 1016 tempore
1390 948 1526 1002 anteacto
1550 942 1811 1003 innumerabilibus
1834 941 1930 1016 plagis
1952 942 2026 1003 adso

268 1060 373 1112 vexata
396 1068 469 1124 esse,
494 1058 535 1125 ut,
561 1051 585 1110 si
608 1049 727 1126 fragilia
751 1055 856 1123 essent,
882 1050 1052 1123 saepissime
1075 1050 1105 1108 in
1125 1050 1256 1124 periculo
1272 1054 1389 1109 versata
1407 1064 1501 1123 neque
1521 1056 1580 1108 tam
1597 1049 1647 1108 diu
1663 1050 1779 1123 integra
1794 1046 1894 1109 futura
1909 1048 2027 1110 fuerim.

266 1159 422 1233 Discrepat
446 1159 538 1235 igitur
560 1154 721 1231 primordia
743 1155 861 1231 fragilia
884 1173 948 1216 esse
971 1161 1122 1216 ettamen
1145 1157 1240 1217 adhuc
1263 1173 1311 1216 res
1333 1172 1482 1230 reparare.

427 1283 490 1343 Hos
513 1299 625 1356 versus,
650 1296 823 1357 quamquam
847 1282 942 1354 primo
965 1286 1086 1355 aspectu
1110 1298 1211 1342 versus
1235 1282 1410 1343 551-564
1434 1288 1570 1355 repetere
1593 1281 1738 1353 videntur,
1763 1286 1860 1341 minen
1883 1298 1937 1341 sno
1961 1282 2026 1341 loeo

266 1398 345 1451 stare
368 1399 398 1451 et
421 1407 485 1451 curn
509 1392 551 1450 eis
575 1390 625 1463 qui
655 1389 834 1462 praecedunt
857 1389 1004 1448 artissime
1028 1390 1198 1449 coniunctos
1221 1406 1285 1448 esse
1308 1390 1453 1460 existimo,
1486 1406 1550 1448 cum
1585 1388 1673 1448 etiam
1697 1387 1753 1448 boc
1776 1390 1843 1449 loco
1869 1387 2027 1448 Lucretius

265 1500 449 1560 adversarios
480 1499 522 1558 ita
545 1496 674 1557 refutare
696 1497 823 1569 studeat,
857 1503 890 1556 ut
920 1513 970 1556 eos
993 1513 1090 1556 rerum
1114 1502 1249 1556 naturam
1273 1497 1421 1570 explicare
1454 1513 1512 1557 uon
1542 1512 1638 1570 posse,
1673 1496 1724 1555 sed
1752 1496 1783 1554 in
1814 1497 2027 1569 discrepantias

266 1607 395 1667 incidere
423 1606 510 1668 dieat.
557 1603 654 1664 Verba
678 1605 724 1677 „si
748 1604 897 1663 nullast
920 1602 1090 1679 frangendis
1113 1605 1230 1664 reddita
1252 1603 1319 1663 linis
1341 1598 1356 1686 s
1379 1604 1574 1678 corporibus‘
1599 1611 1629 1663 et
1653 1609 1705 1676 „at
1729 1605 1905 1678 quoniam
1927 1601 2027 1677 fragili

266 1721 371 1775 natura
393 1713 529 1788 praedita
551 1713 765 1773 coustant“
790 1713 862 1772 satis
890 1710 1045 1773 ostendere
1073 1712 1145 1771 mibi
1172 1713 1310 1773 videntur
1337 1717 1453 1786 poetam
1481 1711 1538 1772 boc
1568 1711 1634 1773 loco
1662 1712 1800 1770 similiter
1828 1710 2026 1786 argumentari

265 1828 356 1896 atque
379 1828 467 1882 autea
490 1821 587 1881 uerbis
612 1821 659 1894 „si
681 1820 784 1880 mollia
806 1820 919 1879 sint“.

427 1948 521 2008 Simul
551 1964 652 2007 uersus
684 1947 859 2006 utu—583
884 1946 1086 2020 gradationem
1110 1944 1254 2018 quandum
1279 1942 1410 2004 efficiunt
1440 1945 1611 2009 sententiae.
1657 1944 1732 2003 Nam
1761 1960 1825 2004 curn
1854 1949 1942 2003 antea
1964 1959 2024 2016 eos,

265 2057 315 2130 qui
338 2055 500 2130 primordia
529 2054 624 2114 solida
655 2068 719 2113 esse
753 2059 862 2127 negant
886 2061 915 2113 et
938 2054 1037 2127 potius
1060 2053 1160 2113 mollia
1183 2068 1246 2111 esse
1270 2052 1450 2125 existimant,
1475 2051 1621 2125 quomodo
1651 2068 1699 2111 res
1727 2051 1818 2110 durae
1848 2051 2024 2123 exstiterint,

265 2164 414 2237 explicare
442 2179 501 2223 uon
533 2178 620 2235 posse
653 2162 772 2234 dixerit,
807 2179 883 2221 nunc
916 2177 967 2221 eos
1002 2177 1038 2219 ne
1069 2161 1099 2219 id
1128 2159 1244 2234 quidem
1272 2160 1421 2234 explicare
1459 2175 1545 2233 posse
1575 2158 1757 2234 comprobat,
1788 2158 1935 2233 quomodo
1966 2159 2026 2231 pri·

265 2271 387 2344 mordis,
413 2287 487 2345 quae
510 2268 606 2344 frangi
629 2269 752 2342 possint,
777 2286 830 2343 per
848 2269 1052 2328 aeternitatem
1070 2268 1176 2327 durare
1195 2267 1356 2341 potuerint.
1381 2267 1574 2339 Quamobrem
1594 2272 1683 2340 poeta
1701 2267 1781 2326 illam
1808 2266 2024 2326 conclusionem

267 2385 356 2452 „sunt
379 2379 472 2454 igitur
494 2377 590 2438 solida
613 2377 757 2450 pollentia
779 2376 968 2449 simplicitate
992 2377 1059 2434 etc“
1084 2391 1160 2434 nunc
1183 2376 1242 2434 iarn
1266 2376 1402 2434 omittere
1426 2381 1552 2449 poterat.

425 2501 497 2563 Cum
519 2502 575 2561 bac
598 2518 663 2562 mea
685 2501 929 2575 interpretatione
952 2501 1041 2560 etiarn
1063 2500 1095 2560 id
1107 2502 1217 2574 optime
1229 2501 1374 2576 congruit,
1399 2500 1639 2575 quodGueissius
1662 2500 1699 2561 de
1721 2500 1868 2574 particula
1891 2499 2024 2574 „porro“

264 2610 480 2671 animadvertit.
523 2608 722 2686 (Jahrbttcber
748 2611 808 2669 123
844 2626 892 2683 pg.
918 2611 982 2667 497
1007 2607 1097 2683 sqq.):
1144 2608 1277 2682 „Lucrez
1308 2608 1471 2683 gebraucbt
1499 2609 1548 2668 die
1578 2608 1710 2668 Partilrel
1746 2624 1847 2682 porro,
1879 2624 1962 2668 ueun
1992 2624 2026 2667 er

266 2720 309 2778 sie
332 2735 384 2777 zur
407 2716 598 2792 Verbinduug
621 2734 677 2777 von
702 2716 808 2777 Satzeu
831 2715 919 2775 bezu.
937 2714 1132 2790 Satzgefttgen
1155 2716 1227 2775 oder
1247 2716 1441 2776 Abscbnitteu
1465 2718 1507 2775 sei
1531 2732 1563 2776 es
1586 2717 1668 2776 einer
1682 2716 1929 2791 Argumentation
1952 2715 2026 2775 oder

265 2827 347 2886 einer
370 2823 557 2900 Aufzablung
580 2823 755 2897 renuenda,
788 2825 891 2883 immer
914 2840 957 2895 so,
988 2821 1053 2882 dala
1084 2839 1116 2881 er
1145 2823 1236 2883 durch
1261 2823 1389 2883 disselbe
1417 2826 1488 2884 zuei
1513 2823 1633 2884 Glieder
1656 2842 1691 2883 zu
1715 2825 1809 2883 einem
1833 2822 1952 2884 Gunzeu
1975 2840 2025 2881 au-

264 2930 471 2993 sammenfafst.
517 2948 607 3005 porro
631 2928 722 2991 findat
745 2929 808 2990 sicb
831 2931 894 2990 also
918 2930 966 2991 bei
990 2931 1049 2989 ilun
1082 2931 1126 2989 als
1154 2917 1455 3008 Ubergaugspartikel
1486 2949 1542 2992 nur
1572 2948 1618 2991 am
1643 2930 1777 3007 Aufenge
1812 2931 1864 2990 des
1902 2931 2022 2990 zueiten

264 3057 320 3101 von
344 3041 414 3101 zuei
438 3041 504 3099 eine
526 3038 647 3098 Einheit
669 3037 827 3098 bildenden
852 3037 999 3098 Gliedern.

424 3164 550 3225 Restant
573 3180 675 3223 uersus
701 3164 886 3237 ssa-598,
912 3164 1017 3237 quibus
1041 3163 1128 3222 etiam
1152 3170 1275 3238 propter
1298 3166 1493 3225 constantiam
1516 3166 1606 3238 illam,
1638 3180 1713 3238 quae
1743 3164 1774 3222 in
1797 3179 1895 3223 rerum
1917 3168 2024 3222 natura

264 3273 439 3346 inveniatur,
470 3271 679 3332 immutabilem
710 3272 862 3332 materiem
893 3288 957 3331 esse
987 3271 1212 3331 demonstratur.
1258 3271 1333 3331 Num
1366 3272 1390 3331 si
1414 3272 1577 3346 primordia
1603 3288 1701 3331 rerum
1725 3271 1897 3331 commutari
1924 3272 2022 3345 abque

264 3386 384 3455 possent
416 3379 532 3440 ratione
563 3379 684 3453 revicta,
719 3381 861 3439 incertum
895 3395 1010 3454 quoque
1042 3381 1100 3438 iam
1132 3384 1290 3452 constet,
1325 3379 1395 3454 qnid
1428 3380 1522 3453 possit
1555 3380 1638 3452 oriri,
1671 3378 1741 3453 quid
1770 3384 1905 3452 nequeat,
1922 3377 2022 3443 ,finita

264 3492 396 3562 potestas
419 3485 545 3559 denique
569 3487 673 3560 cuique
696 3503 820 3559 quanam
845 3487 895 3545 sit
918 3488 1033 3547 rationo
1055 3493 1109 3549 etc.
1157 3487 1260 3560 ltaque
1291 3504 1356 3546 cum
1380 3486 1426 3545 bis
1450 3503 1564 3560 quoque
1588 3486 1720 3546 uersibus
1742 3484 1864 3559 Epicuri
1887 3484 2024 3544 doctrine

264 3612 360 3655 rerum
393 3600 516 3653 naturae
549 3595 692 3654 rationem
725 3593 810 3653 reddi
841 3611 938 3667 posse,
973 3600 1135 3656 ceterorum
1169 3594 1304 3654 doctrina
1336 3611 1395 3654 nou
1428 3611 1513 3667 posse
1537 3594 1763 3665 demonstretur,
1797 3599 1858 3653 tres
1881 3591 2022 3652 babemus

263 3703 531 3777 argumentationes
547 3707 611 3761 arte
628 3702 827 3775 cohaerentes,
845 3702 950 3775 quibus
960 3702 1081 3775 Epicuri
1098 3702 1262 3761 doctrinam
1278 3695 1546 3782 ἐπιμαρτυρεῖσθαι,
1571 3709 1734 3762 ceterormn
1747 3694 2022 3780 ἀντιμαρτυρεῖσθαι

264 3810 398 3869 docetur:

482 3918 512 3992 l)
533 3934 578 3979 rr.
605 3917 794 3976 565-576:
818 3916 889 3976 buc
912 3916 1075 3990 accedit,
1100 3918 1153 3977 uti

477 4025 510 4101 2)
607 4024 796 4085 err-583:
819 4041 927 4099 porro

480 4131 512 4207 3)
609 4133 797 4193 ast-598:
822 4132 985 4206 denique.

424 4274 555 4335 Tertium
578 4292 669 4350 genus
692 4276 915 4350 argumentandi
948 4275 979 4334 in
1008 4274 1142 4334 semibus
1167 4277 1342 4335 use—ost
1366 4277 1453 4350 inest,
1478 4276 1583 4351 quibus
1606 4276 1761 4337 Lucretius
1785 4278 1873 4338 ctiam
1897 4282 2021 4352 propter

265 4383 450 4442 minimarum
473 4385 602 4458 partium
626 4382 806 4443 individuum
830 4384 1015 4444 conciliatum
1040 4399 1165 4456 corpora
1188 4385 1283 4458 prima
1305 4384 1511 4459 solidamque
1533 4390 1654 4445 aeterua
1676 4386 1817 4445 sumendo
1839 4401 1902 4446 esse
1926 4385 2020 4446 docet.

265 4490 337 4550 Tres
369 4496 437 4569 suut
468 4496 569 4563 partes
600 4490 686 4549 huius
719 4491 990 4565 argumentationis,
1025 4507 1145 4565 querum
1185 4492 1312 4551 secunda
1344 4498 1374 4552 et
1407 4494 1496 4552 tertia
1525 4493 1649 4567 primurn
1681 4495 1818 4569 supplere
1851 4501 1881 4553 et
1915 4491 2019 4552 fulcire

264 4598 409 4658 videntur.
455 4596 613 4672 Postquam
643 4599 719 4657 euim
751 4599 910 4672 praemissa
940 4596 1110 4659 defiuitione
1147 4599 1330 4658 minimarum
1369 4600 1496 4673 partium
1526 4599 1596 4673 quid
1629 4602 1767 4660 momenti
1799 4600 1868 4660 illae
1898 4600 1935 4659 ad
1958 4601 2020 4673 pri·

265 4705 445 4765 mordiorum
475 4703 655 4764 soliditatem
683 4704 927 4779 comprobandum
958 4705 1087 4765 habeant
1117 4708 1253 4780 exposuit
1275 4707 1486 4783 (599-614),
1520 4707 1653 4767 minimas
1677 4713 1776 4781 partes
1800 4708 1885 4781 tales,
1917 4708 2018 4781 quales

265 4812 390 4884 dixerat,
420 4817 555 4871 constare
583 4812 714 4872 versibus
746 4814 920 4873 aru-634
950 4814 993 4872 ita
1022 4813 1204 4888 comprobat,
1236 4820 1268 4873 ut
1291 4813 1423 4874 uersibus
1449 4816 1622 4877 eru-627
1648 4816 1813 4876 accuratius
1836 4816 2020 4889 explicentur
