4582 5690
1088 157 1247 256 gur-

261 363 523 450 Engllselr:
548 366 603 432 01.
628 367 812 453 hlacaulay,
837 370 970 436 Warren
996 369 1161 453 Hasliugs.
1190 408 1228 417 -·
1254 369 1495 455 Shakespeare‚
1519 367 1623 435 Julius
1647 369 1779 434 Cacsar.

402 472 458 539 Ul.
550 474 733 560 lllacaulay‚
757 475 847 541 Lord
870 476 969 544 Clive.

384 580 455 646 011.
547 581 650 661 Swilt,
675 582 703 648 A
726 603 856 668 voyage
879 591 911 651 to
935 584 1080 669 Lilliput.

262 680 563 758 ”auratasne
587 689 612 755 1.
637 689 797 756 Samuelis
821 691 905 776 sap.
932 694 1051 758 r-ro.
1077 730 1117 740 -
1143 693 1251 759 rann
1277 696 1374 759 1-9.
1424 695 1608 760 ror-111.

1007 911 1326 920 Ἡ

520 1089 593 1162 1v.
623 1089 839 1164 Themata
868 1090 945 1165 der
973 1091 1270 1166 bearbeiteten
1297 1091 1501 1165 Aulsattze
1530 1088 1814 1184 (ou-unu).

421 1227 476 1298 A.
500 1225 832 1299 Lulelnlsulte.
888 1231 922 1295 ln
966 1229 1193 1315 Oberprima
1224 1229 1431 1309 (Cherlehrer
1462 1228 1667 1308 Kohlmann)
1725 1230 1754 1292 1.
1787 1226 1952 1309 Legentes
1987 1241 2072 1305 quae

260 1334 470 1400 Plataeenses
501 1343 533 1399 et
562 1333 697 1400 iecerint
724 1341 757 1400 et
778 1335 868 1419 passi
892 1336 965 1420 sint,
991 1337 1058 1403 lieri
1082 1357 1147 1402 non
1169 1344 1278 1421 potest
1309 1336 1386 1421 quin
1410 1335 1617 1403 vehementer
1640 1351 1908 1401 commoveamur.
1956 1334 1986 1395 2.
2012 1330 2073 1393 Ro-

258 1461 372 1507 mauos
396 1440 492 1507 rebus
508 1439 655 1507 aduersis
679 1440 721 1507 de
745 1442 849 1508 salute
865 1463 930 1509 non
942 1442 1137 1528 desperasse
1161 1443 1255 1511 clade
1271 1442 1434 1510 Cannensi
1447 1443 1689 1527 comprobatum
1706 1448 1765 1508 est.
1792 1479 1833 1488 -
1850 1442 1879 1505 3.
1905 1437 2074 1520 (Klasseu

258 1547 397 1635 aufsatz)
443 1549 575 1614 Praeter
598 1555 723 1615 ceteros
747 1549 964 1617 Hannibalern
988 1558 1154 1636 expertum
1178 1571 1251 1618 esse
1274 1549 1421 1617 fortunae
1450 1550 1649 1617 varietatem.
1677 1586 1714 1596 -
1740 1554 1769 1615 4.
1798 1546 2012 1613 Athenienses
2041 1549 2074 1609 et

259 1653 351 1739 primi
376 1663 408 1721 et
432 1655 532 1721 ultimi
556 1654 745 1722 defensores
769 1656 928 1723 libertatis
952 1657 1121 1725 Graeciae.
1145 1697 1183 1707 -
1210 1662 1241 1724 b.
1259 1658 1419 1724 Arminius
1442 1657 1601 1725 libertatis
1625 1655 1820 1723 Germaniae
1844 1658 2073 1739 propugnator.

260 1799 302 1810 -·-
323 1766 354 1828 6.
379 1784 410 1828 a.
435 1763 585 1828 Veterum
609 1761 842 1828 Germanorum
872 1783 956 1848 quac
979 1763 1096 1831 luerint
1119 1766 1261 1850 virtutes,
1285 1764 1399 1851 Tacito
1420 1764 1501 1831 duce
1517 1764 1693 1848 exponitur.
1738 1764 1770 1829 b.
1794 1760 1889 1846 Apud
1913 1761 2076 1825 Romanos

258 1877 390 1954 patrum
413 1869 546 1935 virtutes
569 1868 654 1935 iiiios
678 1889 751 1936 esse
776 1870 917 1938 imitatos
947 1892 1019 1938 cum
1041 1873 1176 1939 aliorum
1199 1881 1266 1938 tum
1290 1872 1508 1939 Corneliorum
1533 1871 1716 1956 Scipionum
1742 1868 1897 1954 exemplis
1922 1863 2074 1951 cognosci

259 1984 376 2062 potest.
404 2015 445 2025 --
472 1982 501 2042 7.
531 1976 839 2061 (Klassenaulsata.)
885 1979 968 2045 ’Non
1001 1980 1140 2066 Samnis,
1174 2001 1238 2046 nen
1268 1979 1381 2065 Poeni,
1404 2000 1468 2046 non
1492 1979 1670 2063 Hispaniae
1696 1977 1874 2060 Galliaeve‚
1899 1994 1939 2041 ne
1963 1969 2071 2039 Parthi

261 2084 391 2168 quidem
415 2085 547 2169 saepius
560 2084 756 2151 admonuere
769 2104 865 2169 quarn
878 2085 1050 2154 Germani.
1076 2126 1115 2135 —
1143 2090 1172 2155 8.
1196 2088 1314 2154 Persas
1327 2093 1470 2155 nontam
1488 2086 1609 2153 viribus
1622 2106 1717 2171 quam
1734 2083 1867 2151 consilio
1885 2089 1917 2148 et
1933 2078 2071 2148 audacia

259 2191 518 2258 adversariorum
541 2192 643 2258 victos
668 2211 750 2258 esse.

419 2299 455 2364 ln
479 2298 738 2384 Unterprima
762 2299 869 2386 (u-L.
894 2301 951 2365 Dr.
976 2301 1129 2387 Amarea).
1179 2309 1207 2367 1.
1232 2301 1466 2368 Themistocles
1490 2308 1523 2367 et
1537 2300 1695 2367 Aristides
1719 2319 1779 2365 sua
1802 2304 1936 2381 uterqrm
1960 2295 2072 2360 virtute

261 2428 313 2473 res
337 2407 581 2473 Atheniensium
604 2416 842 2492 promoverunt.
869 2446 908 2456 -
943 2413 973 2475 2.
998 2409 1038 2474 Μ.
1061 2409 1180 2475 Antoni
1210 2408 1351 2476 consulis
1384 2409 1417 2473 in
1441 2409 1481 2473 M.
1505 2408 1645 2474 Tullium
1668 2406 1856 2473 Ciceronem
1881 2402 1995 2469 oratio.
2031 2438 2068 2448 —

258 2519 287 2581 3.
313 2513 457 2598 insignia
481 2514 643 2598 quaedam
666 2515 817 2599 exempla
840 2514 938 2580 animi
962 2515 1193 2599 magnitudinis
1216 2517 1442 2583 Romanorum.
1477 2553 1518 2563 -
1546 2519 1574 2582 4.
1599 2515 1650 2581 De
1674 2511 1806 2581 Henrioi
1833 2513 1858 2577 1.
1882 2509 1970 2596 regis
1994 2508 2071 2575 Ger·

258 2641 424 2687 manorum
453 2621 550 2688 rebus
574 2621 676 2707 gestis
713 2642 753 2688 ae
777 2622 918 2689 moribus
941 2622 1243 2705 (Klasseuauisatu).
1271 2663 1308 2671 —-
1335 2628 1364 2691 6.
1389 2645 1420 2690 a.
1452 2624 1503 2690 De
1526 2621 1719 2689 Hannibalis
1743 2620 1911 2686 virtutibus
1934 2617 2071 2702 impera-

257 2726 349 2794 toriis
385 2748 469 2813 quae
494 2749 535 2794 ex
559 2727 631 2793 Livi
655 2728 674 2795 1.
699 2727 788 2794 XXI.
814 2737 1059 2813 cognoscantur.
1119 2731 1150 2797 b.
1185 2731 1290 2799 Primo
1315 2752 1400 2797 anno
1425 2730 1502 2798 belli
1526 2729 1636 2797 Punici
1660 2727 1794 2796 secundi
1817 2729 1980 2794 Romanos
2004 2723 2070 2790 suis

258 2834 456 2920 potissimum
482 2835 568 2903 vitiis
591 2835 693 2903 victos
718 2856 801 2902 esse.
832 2874 873 2885 --
907 2840 936 2902 6.
960 2838 1191 2922 Argumentum
1214 2839 1287 2906 libri
1310 2839 1450 2906 cuiusvis
1473 2846 1584 2905 nostra
1607 2838 1718 2921 lingua
1742 2835 1860 2921 scripti.
1890 2871 1932 2882 -
1967 2837 1995 2899 7.
2018 2833 2069 2896 Dc

258 2942 409 3009 Guilelmi
434 2943 458 3009 1.
483 2950 650 3010 senectute
683 2943 728 3022 (in
752 2963 845 3009 usum
877 2944 1025 3011 adhibito
1050 2943 1214 3012 Ciceronis
1237 2946 1319 3013 libro
1352 2946 1405 3030 qui
1439 2953 1488 3011 est
1520 2945 1561 3011 de
1595 2942 1782 3030 senectute).
1820 2980 1860 2990 -
1897 2944 1926 3008 8.
1950 2938 2068 3005 Prioris

258 3070 354 3135 quem
377 3049 488 3117 dicunt
510 3050 727 3117 triumviratus
751 3051 831 3117 socii
855 3051 970 3118 misere
996 3073 1106 3119 omnes
1130 3052 1292 3138 perierunt
1313 3052 1612 3135 (Klassenaulsatz).

418 3158 455 3222 ln
480 3157 767 3224 Obersekunda
789 3157 886 3238 (Prof.
912 3159 1065 3239 liiclrtcr).
1115 3164 1144 3225 1.
1168 3161 1219 3226 De
1243 3160 1461 3227 Helvetiorum
1484 3160 1516 3226 in
1541 3160 1682 3227 Galliam
1705 3159 1850 3225 transitu.
1879 3195 1916 3205 -
1942 3160 1972 3222 2.
1996 3155 2068 3220 Non

257 3265 416 3333 occidisse
439 3272 565 3351 patrem
586 3266 662 3333 Sex.
678 3265 814 3332 Roscius
837 3265 971 3333 videtur.
997 3305 1038 3316 -
1063 3271 1095 3332 3.
1119 3268 1288 3346 Quomodo
1312 3268 1459 3334 Massilia
1481 3267 1513 3332 in
1543 3267 1694 3334 Caesaris
1718 3265 1915 3333 deditionem
1938 3260 2067 3330 venerit.

260 3413 299 3422 -·
324 3378 354 3441 l.
377 3374 492 3458 Pugna
515 3373 696 3440 Cannensis
720 3373 894 3459 exponitur.

421 3481 481 3548 ΙΙ.
505 3480 742 3550 Deulselr.
788 3481 824 3546 ln
850 3480 1082 3567 Oberprima
1103 3482 1172 3563 (Dr.
1196 3480 1375 3569 Sepebade).
1424 3487 1452 3547 1.
1476 3482 1544 3548 Der
1555 3480 1688 3548 Meusch
1712 3481 1754 3547 im
1767 3478 1908 3564 Kampsa
1931 3478 1989 3543 mit
2011 3478 2070 3543 der

258 3589 370 3653 Natur.
406 3626 445 3635 —
482 3590 512 3653 2.
538 3589 617 3654 Was
641 3588 820 3654 veraulalst
843 3588 896 3655 die
920 3589 1096 3674 ldrlrehung
1123 3589 1181 3655 der
1205 3588 1423 3655 Niederlande
1447 3608 1553 3673 gegen
1578 3587 1631 3654 die
1655 3586 1828 3672 spaniscbe
1853 3583 2069 3653 Herrsehali‘?

257 3694 351 3762 Nach
375 3694 519 3762 Goetbes
543 3694 682 3777 Egmont
704 3695 1008 3781 (Klasscnaulsatz).
1046 3733 1083 3745 -
1120 3701 1150 3761 3.
1175 3695 1261 3762 Alba
1283 3695 1349 3762 und
1373 3695 1523 3761 Oranicn.
1569 3694 1662 3761 Nach
1687 3694 1830 3761 Goethes
1853 3694 2002 3778 Egmont.
2028 3728 2066 3738 -

248 3807 288 3868 l.
314 3803 383 3869 Das
406 3800 589 3867 Verb‘ailtnis
613 3801 690 3867 Max
713 3801 938 3869 Piocolominis
961 3823 999 3869 au
1024 3802 1245 3870 Wallenstein.
1275 3841 1311 3851 -
1339 3806 1368 3870 h.
1392 3803 1548 3870 illelchcn
1572 3801 1709 3869 Einlluls
1732 3803 1808 3869 iibte
1833 3800 2068 3867 (1661666161-

258 3909 381 3976 enthalt
404 3908 437 3974 in
461 3908 598 3993 Leipzig
620 3908 680 3974 aus
699 3909 789 3976 scine
812 3909 1040 3995 Errtmickluug
1063 3910 1146 3978 aus?
1184 3949 1221 3958 ·-
1263 3915 1291 3978 6.
1316 3912 1384 3979 Der
1407 3910 1506 3977 h'luclr
1530 3910 1588 3977 der
1611 3909 1866 3977 Fiirstenhiinser
1890 3909 1954 3975 und
1978 3907 2068 3975 scine

257 4018 391 4101 Liisung
414 4017 446 4080 in
470 4014 613 4081 Goethes
637 4014 805 4099 lphigeuic
828 4016 893 4081 und
917 4016 1070 4083 Solrillers
1094 4018 1195 4082 Braut
1217 4039 1279 4083 von
1304 4017 1457 4083 lllcssina.
1497 4056 1533 4065 —
1576 4022 1605 4082 7.
1630 4016 1727 4083 Nicht
1760 4017 1818 4083 der
1851 4016 1891 4082 ist
1923 4016 1983 4081 aul
2011 4015 2069 4081 der

257 4123 344 4189 Welt
366 4121 527 4205 vcrwaist,
552 4120 671 4188 dessen
685 4122 782 4188 Vater
791 4121 856 4187 und
872 4123 989 4190 Mutter
1012 4125 1195 4207 gestorben,
1220 4124 1370 4209 sondern,
1396 4124 1454 4191 der
1478 4126 1536 4191 fiir
1552 4125 1636 4192 Hem
1659 4123 1725 4190 und
1742 4124 1835 4190 Geist
1858 4123 1954 4190 keine
1976 4122 2068 4188 Lieh’

258 4229 323 4296 und
345 4228 423 4296 keiu
447 4229 577 4295 Wissen
601 4229 767 4295 erworben
790 4229 1091 4312 (Klassenaufsatz).
1132 4270 1172 4280 -
1214 4234 1243 4297 8.
1268 4231 1563 4316 Priilungsauisatz.
1604 4270 1644 4279 -
1684 4232 1877 4298 Ausserdem
1898 4230 2066 4311 (Direktor

258 4337 375 4418 Simul:
399 4336 486 4402 Mein
510 4335 590 4401 Jahr
613 4335 645 4400 in
670 4334 884 4421 Unterprima.

418 4443 455 4507 In
479 4441 729 4526 Unterprima
764 4442 835 4530 (Dr.
860 4441 1038 4530 Sepebode).
1087 4450 1113 4511 1.
1154 4447 1214 4511 Wo
1253 4445 1316 4512 riel
1356 4445 1450 4513 Liclrt
1487 4446 1539 4529 ist,
1578 4445 1621 4511 ist
1659 4445 1787 4512 starker
1821 4446 1984 4513 Seliatteu.
2025 4482 2064 4492 -·

258 4558 287 4618 2.
312 4548 446 4616 Welcire
469 4549 661 4632 Bedeutung
694 4547 750 4614 hat
783 4549 843 4615 das
873 4549 1039 4617 Austreten
1063 4551 1222 4619 Oraniens
1255 4552 1288 4618 in
1311 4553 1455 4620 Coerhes
1478 4553 1642 4637 Egmout?
1667 4592 1707 4601 --
1742 4558 1772 4621 3.
1795 4554 1866 4620 Das
1889 4552 2068 4620 Vaterlaud

258 4659 290 4723 iu
314 4656 512 4742 Klopstocks
536 4655 629 4722 Oden
651 4656 952 4737 (Klassenaulsatz).
977 4696 1019 4705 -
1053 4664 1082 4726 4.
1108 4659 1288 4726 Clraralrter
1311 4660 1376 4725 und
1399 4660 1690 4743 Handlungsweise
1715 4660 1774 4727 des
1798 4660 1934 4727 Octavio
1958 4659 2067 4725 Picco-

258 4764 377 4831 lumini.
404 4801 445 4811 -
478 4767 508 4828 6.
532 4762 744 4829 Wallenstein
768 4762 834 4829 und
858 4763 1018 4831 Macbetb.
1045 4803 1082 4814 -
1111 4771 1141 4832 6.
1166 4767 1229 4833 Die
1260 4767 1519 4833 unterrichtende
1548 4767 1613 4832 und
1636 4767 1827 4835 moraliscbe
1851 4767 1987 4835 Absicht
2010 4766 2068 4834 der

169 4904 175 4914 ·
258 4871 423 4957 Tragiidie
446 4870 530 4937 nach
552 4868 693 4955 Lessing
716 4868 845 4953 (Hamb.
863 4870 1024 4954 Dramat.)
1046 4873 1112 4939 und
1127 4874 1265 4941 Schiller
1285 4873 1351 4953 ldie
1375 4873 1590 4942 Schaubiihne
1606 4874 1657 4941 als
1679 4874 1791 4945 moral.
1815 4875 1942 4945 Austalt
1964 4875 2065 4957 heta).
