4582 5690
1045 332 1085 393 tn

301 575 304 579 ·
347 551 504 610 Hominum
516 551 676 624 primorum
687 551 759 623 vita,
773 550 862 621 cultu,
882 549 971 620 vieto,
996 549 1125 622 ingenio,
1149 547 1289 619 moribus,
1303 545 1469 616 domiciliis,
1489 546 1683 604 matrimoniis
1695 544 1850 617 descriptis
1862 550 1951 617 poeta

188 658 263 718 unde
281 674 386 729 sermo,
404 659 503 717 verme
520 675 613 729 eoem,
638 674 735 716 rerum
758 658 877 717 uomina
895 657 1063 715 exstiterint
1086 655 1180 715 donet.
1212 654 1335 727 Natura,
1359 654 1412 724 sit,
1437 653 1534 711 varios
1558 654 1675 727 linguae
1693 654 1811 711 sonitus
1832 652 1949 710 mittere

187 765 313 840 subegit,
337 773 367 824 et
398 765 511 825 utilitas
534 767 681 838 expressit
703 765 822 824 nomina
849 780 954 823 rerum.
999 762 1096 822 Unum
1124 763 1250 835 aliquem
1273 760 1420 820 hominem
1449 758 1535 818 rebus
1565 760 1683 819 nomina
1710 758 1896 817 distribuisse
1920 763 1949 815 et

188 874 256 932 inde
279 874 411 932 homines
435 872 573 932 didicisse
594 873 737 932 vocabule
760 872 855 945 prima
878 872 1008 944 ineptum
1032 886 1152 943 prorsus
1176 876 1206 928 et
1220 867 1378 927 absurdum
1402 866 1430 925 ei
1453 866 1576 926 videtur.

490 980 516 1037 V
544 982 644 1039 1064:
668 980 822 1040 Postremo
845 979 916 1054 quid
939 980 969 1038 in
993 978 1048 1036 hao
1071 977 1205 1036 mirabile
1228 981 1411 1048 tantoperest
1435 992 1477 1048 rc,

668 1089 693 1146 si
716 1103 808 1161 genus
830 1085 996 1164 humanum,
1021 1086 1068 1143 oui
1091 1101 1147 1143 uox
1172 1090 1202 1142 et
1225 1084 1327 1158 lingua
1350 1083 1471 1156 vigeret,

667 1211 722 1267 pro
746 1194 828 1253 vario
851 1209 938 1253 sensu
961 1192 1042 1252 uaria
1064 1208 1112 1251 res
1135 1207 1206 1250 voce
1230 1197 1345 1250 notaret
1368 1236 1376 1251 .
1401 1190 1433 1249 .‘?

347 1301 412 1361 Hoe
435 1302 500 1362 loeo
524 1300 689 1374 Lucretius,
718 1318 783 1360 cnm
806 1302 837 1360 in
861 1300 1067 1361 consecutione
1094 1305 1257 1371 temporum
1281 1314 1299 1354 a
1328 1298 1450 1371 reliquis
1473 1295 1666 1369 scriptoribus
1695 1311 1754 1355 non
1782 1294 1950 1368 discrepare

189 1411 280 1469 soleat
302 1409 432 1485 (liobae,
457 1415 532 1482 synt.
556 1409 642 1471 Lucr.
665 1426 713 1484 pg.
742 1409 817 1482 138)
839 1415 869 1468 et
893 1407 962 1481 quid
985 1423 1088 1467 revers
1110 1404 1222 1476 iecerit,
1248 1421 1307 1463 non
1331 1404 1401 1478 quid
1424 1402 1535 1463 laceret
1562 1419 1655 1478 genus
1677 1402 1844 1473 humanum,
1869 1401 1950 1461 dieat

188 1524 218 1577 et
241 1517 359 1592 ubique,
384 1517 474 1576 verba
497 1517 623 1576 mnandi
646 1518 671 1576 si
695 1517 828 1591 sequitur
851 1517 1016 1576 coniunctio
1042 1513 1158 1588 „qnod”
1180 1513 1227 1570 uel
1252 1512 1327 1586 „si”
1350 1512 1539 1573 indicativum
1562 1516 1654 1584 ponat
1682 1508 1747 1587 (eir.
1772 1509 1951 1569 lsaclrmanni

187 1611 393 1685 adnotationes
420 1625 458 1684 ad
481 1625 507 1683 V
533 1626 607 1699 667,
640 1624 680 1683 VI
704 1625 779 1696 489,
810 1624 922 1683 Holtaii
952 1631 1027 1697 synt.
1050 1622 1136 1684 Lacr.
1165 1640 1213 1697 pg.
1240 1619 1323 1697 140),
1354 1619 1533 1693 „notavit”
1557 1619 1711 1692 scripsisse
1738 1618 1949 1678 existimandus

189 1739 243 1793 est.
289 1731 499 1792 Coniunctivus
522 1749 538 1792 c
562 1732 619 1791 line
642 1748 743 1791 uersus
767 1732 928 1805 superioris
951 1731 1008 1790 huc
1030 1746 1183 1804 perperam
1208 1729 1362 1789 deerrarit.
1523 1705 1526 1710 ¹

348 1839 432 1898 Hanc
455 1839 652 1898 coniecturam
676 1856 740 1898 oum
763 1838 810 1897 liis
833 1854 934 1898 novam
954 1838 1039 1897 annis
1062 1837 1173 1897 sodalis
1195 1836 1344 1896 seminarii
1363 1835 1535 1910 philologici
1556 1833 1758 1908 Gottingensis
1776 1830 1955 1906 proferrem·

190 1964 294 2022 magno
318 1947 426 2021 gaudio
448 1946 569 2006 allectus
593 1963 656 2006 suns
680 1946 848 2006 Hermanno
872 1945 988 2019 Sauppe
1012 1960 1057 2004 me
1080 1951 1159 2004 recte
1181 1943 1291 2003 vidisse
1313 1943 1477 2003 affirmante
1500 1949 1531 2003 et
1553 1941 1669 2000 dicente
1692 1958 1724 1999 se
1748 1957 1783 1999 eo
1811 1943 1876 2012 ipso
1900 1939 1948 1998 die

190 2054 309 2114 eandem
333 2054 565 2114 emendationem
589 2054 714 2129 margini
737 2053 936 2127 adscripsisse.

348 2376 433 2436 Nune
455 2383 611 2451 antequam
634 2376 680 2436 bis
704 2376 923 2450 quaestionibus
946 2375 1035 2434 linem
1058 2375 1214 2448 imponam,
1238 2390 1341 2433 versus
1363 2373 1406 2431 vl
1430 2372 1495 2431 548
1519 2389 1581 2445 sqq.
1605 2376 1778 2441 scrutemur,
1803 2368 1852 2443 qui
1870 2367 1953 2427 dim·

188 2484 291 2542 cillimi
314 2499 377 2542 esse
399 2483 543 2545 uidentur.
589 2483 683 2543 Poeta
706 2500 780 2558 quae
806 2484 884 2543 ratio
913 2485 1004 2543 terrai
1037 2482 1164 2541 motibus
1192 2488 1272 2541 extet
1301 2480 1492 2554 expediturus
1521 2486 1675 2554 postquam
1708 2485 1815 2538 terram
1844 2482 1947 2550 supter

189 2593 259 2649 item
283 2595 316 2649 ut
338 2606 446 2665 supera
468 2592 596 2651 ventosis
619 2590 748 2665 undique
771 2591 885 2663 plenam
910 2590 1056 2662 speluncis
1080 2605 1143 2649 esse
1167 2590 1309 2661 etloum,
1335 2590 1464 2660 lacunas,
1496 2603 1584 2659 rupes
1613 2586 1795 2666 deruptaque
1823 2600 1895 2643 saxa
1918 2585 1948 2642 ln

188 2700 299 2772 mansio
322 2715 425 2773 gerere
448 2699 584 2772 exposuit
606 2697 754 2758 montibus
777 2704 879 2771 supter
901 2696 1071 2756 cadentibus
1094 2702 1187 2757 totam
1210 2703 1318 2756 terram
1342 2711 1467 2769 superne
1490 2690 1659 2754 concussam
1691 2700 1817 2753 tremere
1850 2692 1945 2751 docet.

190 2840 231 2849 -
256 2805 321 2865 iloo
343 2807 429 2867 modo
452 2815 549 2866 terrae
572 2813 681 2866 motum
705 2805 847 2878 explicari
870 2822 956 2878 posse
980 2822 1037 2879 quo
1060 2803 1175 2863 lucilius
1208 2802 1292 2864 nobis
1322 2803 1508 2876 persuadeat,
1533 2800 1696 2871 Lueretius,
1722 2801 1797 2859 sieut
1817 2801 1880 2858 eius
1903 2806 1949 2858 est

189 2931 262 2987 mos,
295 2929 391 2972 rerum
421 2913 641 2973 manifestarum
665 2913 833 2973 testimonio
856 2912 986 2986 parvolis
1009 2913 1105 2972 causis
1128 2918 1230 2985 supter
1253 2910 1446 2970 adicientibus
1469 2926 1590 2985 magnus
1623 2925 1670 2967 res
1702 2907 1857 2968 admodum
1881 2924 1948 2966 eorr-

190 3022 249 3079 cuti
274 3020 466 3094 comprobare
489 3022 595 3083 studet.
641 3021 708 3080 Duo
732 3020 818 3080 aliert
840 3020 983 3094 exempla,
1008 3021 1132 3079 alterum
1156 3018 1227 3079 hoo:

619 3128 680 3201 „Et
703 3130 818 3200 merito,
844 3129 980 3202 quoniam
1003 3128 1144 3201 plaustris
1168 3142 1309 3186 concussa
1331 3130 1509 3185 tremescunt

614 3243 694 3295 tecta
716 3236 792 3295 riam
816 3241 938 3309 propter
960 3251 1017 3294 non
1041 3250 1146 3309 magno
1170 3234 1300 3308 pondere
1322 3234 1411 3296 tota.’'

350 3343 406 3404 Hie
428 3344 632 3404 Lachmannus
656 3343 745 3402 nimie
768 3344 929 3418 sagacitate
959 3359 1027 3402 usus
1052 3342 1214 3415 „plaustri”
1237 3340 1325 3401 scribi
1358 3341 1444 3400 iussit
1475 3357 1529 3415 pro
1560 3356 1595 3399 eo
1628 3339 1706 3413 quod
1738 3340 1806 3400 libri
1835 3338 1945 3397 babent

191 3452 376 3525 „plaustr-ist
422 3452 489 3512 Nou
513 3452 615 3511 dubito
639 3452 708 3526 quin
731 3457 820 3526 poeta
842 3451 1007 3524 scripserit:
1032 3450 1194 3523 „plaustris
1217 3465 1358 3509 concussa
1382 3455 1561 3508 tremescunt
1583 3443 1598 3529 l
1621 3454 1700 3506 tecta
1723 3447 1800 3506 viam
1825 3453 1948 3520 propter

190 3575 249 3619 non
271 3576 377 3634 magno
400 3560 531 3634 pondere
553 3559 644 3619 totu.”
666 3556 669 3563 ’
690 3559 773 3631 Quod
797 3576 861 3617 cum
885 3559 943 3618 iam
966 3574 985 3617 a
1007 3556 1137 3617 Christio
1159 3557 1284 3630 (quaest.
1299 3555 1386 3615 Luor.
1409 3573 1456 3630 pg.
1475 3555 1530 3631 26)
1551 3556 1734 3629 propositum
1758 3560 1788 3613 et
1810 3570 1829 3613 a
1852 3553 1948 3613 Pollio

189 3665 307 3738 (Philol.
331 3667 425 3726 XXV.
448 3685 497 3742 pg.
522 3666 775 3743 anappmbsmm
800 3683 862 3725 esse
886 3665 1010 3739 videam,
1036 3666 1126 3725 miror
1147 3664 1316 3724 Munroium
1340 3664 1370 3722 in
1394 3670 1499 3737 quarte
1522 3663 1651 3723 editione
1673 3663 1787 3739 (1886)
1809 3679 1845 3720 ne
1868 3677 1947 3720 men-

190 3774 299 3833 tionem
325 3773 441 3848 quidem
465 3773 562 3833 lacere
585 3772 728 3834 librorum
751 3774 925 3847 scripturam
948 3790 967 3832 a
989 3773 1136 3833 nonnullis
1158 3773 1288 3833 retineri.

349 3881 522 3956 Scruposius
545 3888 588 3941 est
612 3882 735 3941 alterum
759 3881 837 3956 quod
859 3886 948 3955 poeta
969 3880 1054 3940 affert
1076 3882 1240 3955 exemplum
1262 3881 1293 3938 in
1317 3879 1401 3939 libris
1424 3880 1466 3939 sic
1489 3879 1643 3939 traditum:

663 3989 746 4062 „Neu
768 3989 864 4047 minus
888 3988 1052 4048 exultantes
1076 3988 1182 4062 dupnis
1205 4003 1327 4063 eumque
1350 3981 1407 4047 vim

664 4096 789 4157 lerratos
812 4096 959 4170 utrimque
980 4102 1111 4157 rotarum
1135 4096 1261 4155 succutit
1283 4094 1395 4156 orbes.’'

354 4204 460 4278 „Vim”
482 4204 513 4263 in
536 4201 594 4265 fine
617 4220 717 4264 sersus
741 4204 914 4264 collocatum
937 4202 1141 4263 Lachmannus
1163 4203 1239 4263 vidit
1260 4202 1413 4277 legendnm
1438 4201 1549 4276 ‚,uiai”;
1580 4201 1658 4261 idem
1689 4207 1802 4261 ceteras
1835 4201 1950 4261 litteras

192 4309 338 4384 fugientes
360 4311 398 4370 ad
420 4311 498 4370 hunc
520 4311 635 4372 modum
657 4310 859 4385 reprehendit:
888 4326 963 4385 „nee
985 4311 1081 4370 minus
1104 4312 1261 4385 exsultant,
1290 4317 1321 4372 et
1342 4310 1393 4370 ubi
1416 4310 1491 4384 lapis
1514 4310 1662 4383 cumque”.
1707 4309 1861 4370 Munroius
1884 4326 1949 4368 cnm

193 4420 379 4494 intellegeret
402 4419 529 4492 lapidem
552 4426 654 4479 extare
677 4418 793 4491 debere,
818 4425 851 4478 ut
874 4424 1004 4479 rotarum
1027 4418 1114 4479 orbes
1129 4425 1280 4479 succutere
1303 4423 1413 4493 posset,
1437 4416 1618 4477 Lachmanni
1639 4418 1837 4478 coniecturam
1853 4433 1950 4477 emen·

193 4525 263 4586 darc
287 4535 408 4587 mustus
431 4543 485 4602 pro
509 4526 606 4587 verbis
639 4533 691 4601 „et
713 4525 763 4585 ubi
786 4526 879 4601 lapid*
911 4527 1030 4600 scripsit
1064 4533 1118 4600 „ut
1141 4527 1294 4601 scrupus’';
1327 4527 1469 4601 explieat:
1504 4543 1648 4599 „scrupus
1671 4526 1729 4585 visi
1752 4525 1849 4587 would
1872 4524 1950 4584 bea

194 4634 286 4709 rough
311 4635 392 4695 loose
415 4641 500 4695 stone
523 4652 561 4695 on
586 4636 636 4694 the
659 4634 759 4709 publio
782 4651 853 4707 way.

352 4743 413 4802 Alii
429 4743 509 4803 aliud
525 4743 724 4804 coniecerunt:
747 4741 893 4802 Christius
908 4742 1001 4802 dedit:
1026 4743 1180 4815 „exultant
1196 4742 1288 4816 sedes,
1313 4739 1486 4814 ubicumque
1501 4740 1577 4800 visi’
1592 4733 1650 4818 (=
1665 4741 1690 4800 si
1706 4741 1756 4815 qui
1771 4741 1853 4801 loeus
1868 4737 1947 4815 visi),

195 4847 410 4924 Grasbergerus
433 4851 469 4910 de
493 4852 578 4912 Luor.
603 4867 690 4911 carm.
714 4869 761 4926 pg.
786 4853 840 4911 6οε
866 4850 979 4924 „sedes
1004 4849 1055 4910 nbi
1078 4852 1202 4926 quicque
1225 4850 1309 4911 viai.’'
1355 4848 1412 4910 Sed
1436 4866 1500 4908 cum
1516 4848 1613 4910 Pollio
1628 4849 1746 4923 (Philol.
1770 4847 1855 4908 XXV
1873 4847 1950 4924 283)
