4582 5690
677 543 735 601 Hic
757 547 872 601 nrmsto
895 558 1006 615 manns,
1031 539 1155 601 Curetes
1179 542 1296 600 nomine
1319 542 1390 602 Grai

677 720 749 777 qnos
773 707 944 775 memorant,
970 702 1116 776 Phrygius
1140 703 1219 761 inter
1244 642 1354 820 ἔξω
1373 701 1450 761 16616
1474 709 1606 763 66166666

675 846 779 906 161661
804 878 845 888 -
871 878 911 888 -
937 878 978 887 -
1003 845 1144 905 Dietueos
1167 844 1299 906 referunt
1322 845 1453 907 Curetas

888 988 964 995 ——-—.
976 988 1260 999 -—-v———-—----—-—-—

406 1083 444 1141 11.
470 1082 533 1141 9111
558 1098 622 1155 666.
653 1079 768 1139 Deinde
791 1096 826 1139 ex
851 1079 1007 1138 sensilibus
1031 1079 1082 1154 qui
1105 1080 1212 1140 sensile
1234 1098 1321 1156 posse
1344 1083 1438 1141 creari

649 1188 842 1260 constituunt,
866 1204 956 1261 porro
979 1204 1015 1250 ex
1038 1187 1106 1246 sliis
1129 1188 1239 1248 sentire
1262 1189 1336 1248 sueti

649 1293 750 1355 mollis
773 1311 837 1354 cum
861 1292 982 1366 1661661,
1006 1311 1073 1354 uum
1096 1311 1197 1354 666666
1220 1296 1352 1371 iungitur
1373 1296 1467 1356 omnis

651 1401 821 1475 visceribus,
846 1402 953 1473 neruis,
978 1402 1068 1474 renis,
1094 1419 1291 1476 quaecumque
1313 1402 1446 1463 videmus

649 1509 749 1568 mollio
771 1509 890 1569 mortali
914 1509 1075 1569 consistere
1098 1526 1222 1584 corpore
1245 1516 1335 1572 66616.

352 1619 493 1692 Quoniam
510 1616 600 1676 verbs
622 1618 758 1690 proximu
782 1617 855 1689 „sed
878 1622 974 1676 temen
998 1623 1062 1677 esto
1078 1618 1136 1677 inm
1158 1634 1245 1691 posse
1268 1618 1341 1678 bueo
1356 1623 1477 1677 6616666
1500 1620 1638 1678 mencre“
1656 1618 1825 1678 Lucretium
1849 1620 1955 1679 docent

190 1733 278 1786 66166
301 1726 410 1786 dixisse
434 1725 554 1784 sensilia
575 1730 696 1784 6616666
718 1741 782 1784 esse
805 1741 862 1785 non
885 1742 972 1798 posse
995 1725 1041 1784 rel
1065 1741 1101 1784 ex
1125 1724 1280 1784 sensilibus
1310 1742 1347 1784 ex
1371 1724 1487 1785 infinito
1511 1730 1643 1799 tempore
1671 1726 1793 1785 sensilia
1822 1727 1954 1800 reparari

191 1853 250 1896 nou
273 1851 367 1908 posse,
391 1833 537 1893 sententis
560 1832 652 1892 totius
674 1833 732 1893 loci
755 1833 911 1892 statuenda
934 1832 1049 1892 ridetur
1072 1833 1157 1892 hoec:
1196 1831 1267 1892 Cum
1290 1850 1391 1892 sensus
1415 1834 1509 1892 omnis
1532 1833 1702 1907 6166661166,
1730 1834 1838 1906 nervis,
1863 1836 1953 1908 renis,

192 1943 309 2003 omuino
333 1941 451 2013 talibus,
483 1957 557 2014 quse
587 1941 689 1999 mollis
711 1942 829 2000 mortali
857 1957 981 2015 corpore
1008 1947 1090 2000 66616
1112 1941 1253 2013 videmus,
1285 1942 1432 2015 iungetur,
1467 1941 1494 1999 61
1519 1942 1569 2014 qui
1597 1942 1703 2001 sensile
1731 1958 1767 2001 ex
1798 1943 1954 2003 sensilibus

191 2052 284 2110 666661
308 2049 466 2124 66166116
491 2065 592 2107 errore
615 2054 781 2122 versentur3
814 2065 880 2107 nom
909 2065 944 2108 66
971 2065 1047 2122 quoe
1074 2048 1175 2108 rnollis
1197 2054 1265 2107 sunt
1292 2047 1482 2108 fundamento
1505 2053 1628 2108 6616666
1652 2065 1797 2111 essenon
1821 2058 1953 2124 6666661,

192 2176 227 2217 ne
251 2157 305 2217 tibi
328 2175 377 2219 res
400 2156 522 2216 redeunt
545 2155 584 2215 sd
606 2156 698 2215 nilum
721 2155 853 2215 funditus
875 2172 988 2230 omnes3
1013 2155 1133 2215 sensilia
1156 2157 1232 2215 enirn
1255 2157 1499 2231 pereuntitoque
1515 2157 1635 2216 sensilis
1657 2156 1764 2216 iterum
1788 2158 1954 2233 iterumque

191 2284 227 2326 ex
250 2266 317 2325 eliis
341 2263 498 2324 sensilibus
522 2264 618 2323 666661
641 2280 699 2324 666
723 2270 853 2337 6666661.

351 2371 449 2431 Verbo
481 2369 776 2444 „mollis-isciunt”
804 2376 940 2445 suspectu
972 2388 1030 2431 uon
1057 2387 1121 2430 6666
1144 2370 1288 2431 videntur.
1334 2364 1399 2448 (616.
1428 2371 1551 2445 Brieger
1579 2370 1686 2431 Philol.
1709 2372 1803 2431 XXV.
1827 2391 1873 2448 pp.
1900 2375 1952 2446 77,

113 2529 117 2537 ,
189 2481 373 2541 1616616111
399 2497 447 2554 pg.
464 2475 550 2560 616).
597 2479 700 2553 ltaque
723 2479 951 2553 emendationes,
977 2496 1050 2552 6666
1073 2484 1289 2552 666666666661
1305 2478 1525 2537 Lachmannus:
1549 2478 1730 2563 (16161666,
1755 2479 1953 2541 seminibus

191 2590 241 2663 qni
265 2588 372 2648 sensile
395 2603 483 2661 posse
506 2588 601 2647 creari
623 2582 639 2670 1
662 2588 847 2647 constituunt
869 2604 960 2661 porro
984 2604 1019 2645 66
1044 2585 1111 2645 61116
1135 2586 1244 2645 6661166
1273 2586 1375 2658 suetis,
1398 2578 1414 2668 s
1436 2585 1538 2645 mollia
1562 2585 1629 2644 ism
1655 2584 1798 2658 iocinnt“,
1823 2586 1952 2661 Berusy·

190 2698 264 2756 sins:
312 2694 439 2769 „deinde
466 2713 522 2766 66,
553 2693 709 2754 sensilibus
737 2695 787 2769 qui
814 2695 920 2754 sensile
952 2711 1039 2769 posse
1062 2695 1156 2754 666661
1185 2687 1200 2775 l
1227 2695 1419 2766 mustitanus,
1449 2710 1538 2767 porro
1568 2709 1603 2751 ex
1632 2694 1699 2752 eliis
1728 2696 1838 2753 sentire
1861 2697 1952 2755 suetis

190 2805 290 2864 mollio
313 2802 559 2875 conficiunt,“
584 2801 844 2861 Winckelrnunnus
872 2800 1043 2877 (Sslznedel
1071 2802 1154 2861 1857
1183 2819 1231 2875 pp.
1259 2802 1326 2872 13);
1357 2801 1483 2875 „deinde
1514 2818 1549 2860 ex
1573 2801 1730 2861 sensilibus
1763 2804 1812 2876 qui
1846 2804 1953 2862 sensile

189 2929 275 2986 posse
299 2912 392 2970 creari
415 2904 430 2992 1
454 2911 644 2983 constituunt,
669 2910 784 2984 prime
806 2910 930 2969 exsilis
953 2911 1063 2969 sentire
1087 2910 1163 2969 sueti
1186 2908 1287 2969 mollia
1310 2911 1396 2969 item
1420 2907 1612 2981 faciunt,“
1637 2909 1758 2983 probari
1782 2927 1841 2970 non
1865 2928 1952 2985 posse

190 3020 260 3079 milri
284 3019 428 3079 videntur.

348 3126 447 3185 Etiam
473 3126 704 3200 ‚‚qnsecunque“
729 3125 901 3185 servendum
925 3142 989 3184 6666
1005 3125 1150 3185 existimo.
1196 3125 1302 3184 Verbis
1326 3126 1402 3184 enim
1428 3132 1644 3198 „nom-creto
1667 3125 1822 3185 Lucretius
1845 3144 1877 3186 66
1901 3144 1951 3188 666

191 3235 239 3309 qui
263 3234 382 3294 sensilis
403 3250 466 3293 esse
489 3233 652 3307 primordie
673 3233 842 3293 existiment
870 3232 971 3292 eudem
994 3234 1096 3293 mollis
1119 3231 1215 3292 lucere
1242 3239 1322 3292 recte
1349 3233 1459 3292 dixisse
1488 3232 1659 3306 comprobat
1686 3250 1807 3293 monens
1837 3251 1950 3295 omnem

189 3358 303 3401 sensum
335 3358 393 3401 non
419 3342 476 3400 uisi
506 3340 644 3400 mollibus
672 3342 760 3414 atque
788 3340 960 3401 mortalibus
989 3340 1077 3400 rebus
1107 3341 1196 3414 iungi.
1243 3341 1347 3413 116666
1377 3341 1407 3399 id
1435 3357 1522 3416 ogere
1551 3341 1677 3414 videtur,
1708 3348 1741 3399 ut
1772 3359 1830 3401 nou
1859 3343 1952 3402 solnm

189 3466 304 3508 sensum
326 3448 496 3521 visceribus,
527 3448 634 3520 nervis,
662 3449 744 3506 renis
767 3448 857 3523 iungi,
886 3448 1048 3507 sedetiam
1079 3448 1132 3507 ills
1154 3448 1315 3521 primordie
1338 3448 1458 3507 sensilis
1481 3449 1642 3522 respiciens
1670 3465 1808 3507 omnem
1836 3466 1951 3509 sensnm

188 3557 305 3629 talibus,
330 3572 404 3631 quse
427 3563 460 3616 nt
482 3556 604 3628 6166666,
628 3557 720 3629 uerri,
744 3573 834 3615 66666
857 3556 958 3616 mollis
979 3561 1009 3615 et
1031 3557 1168 3616 mortuiis
1190 3563 1268 3629 suut,
1293 3557 1374 3631 iungi
1397 3562 1523 3616 moneat.
1568 3556 1646 3615 Huic
1669 3563 1765 3616 sutem
1788 3558 1951 3619 6661661166

190 3682 283 3739 neque
311 3665 343 3724 id
372 3664 451 3738 qnod
480 3663 688 3723 Luehmonnus
723 3664 849 3723 coniecit
878 3666 1026 3736 ,,666616“
1049 3681 1144 3738 neque
1167 3664 1198 3722 id
1227 3664 1305 3738 quod
1328 3663 1484 3723 Mnuroius
1516 3665 1671 3738 proposuit
1705 3654 1864 3738 „cuiqne“‚
1899 3666 1951 3725 sed

188 3772 321 3832 codicum
345 3772 491 3845 scripturo
515 3773 745 3844 ‚,quoecunqne“
775 3768 945 3830 sstisiucere
969 3771 1092 3831 ridetur.
1120 3770 1172 3833 cir.
1196 3772 1225 3830 II
1250 3772 1289 3830 21
1318 3787 1434 3845 „peucs
1456 3771 1586 3830 videmus
1609 3765 1624 3851 f
1648 3788 1711 3831 6666
1735 3788 1808 3845 6666
1832 3774 1950 3833 omniuo

188 3897 262 3953 quoe
286 3880 405 3939 demunt
427 3895 549 3952 eumque
572 3878 735 3950 dolorem,“
760 3878 810 3937 ubi
833 3878 987 3939 Mnnroins
1014 3879 1117 3938 vertit:
1149 3879 1221 3939 such
1244 3880 1302 3939 oud
1325 3880 1394 3953 only
1418 3879 1498 3951 such,
1529 3878 1632 3939 which.
1678 3880 1951 3953 111147;,,66161

189 4003 273 4048 66666
296 3994 385 4060 61666
408 3987 485 4047 66611
501 3992 569 4045 6661
592 3991 680 4060 utque
703 3986 755 4045 olii
778 4003 889 4060 seusus,
914 3987 964 4060 qui
987 3987 1078 4045 vitem
1093 4003 1216 4062 eumque
1238 3987 1434 4060 gubernant,“
1459 3986 1611 4046 61166666
1635 3994 1665 4045 61
1688 3987 1766 4047 66611
1781 4004 1840 4047 666
1855 3987 1950 4047 miuus

190 4112 274 4169 quern
297 4095 349 4154 6111
372 4110 473 4154 666666
496 4095 584 4153 vitam
607 4093 771 4170 gubernare
794 4094 937 4154 videntur.
983 4093 1081 4153 Verba
1103 4095 1194 4168 igitur
1218 4095 1466 4169 „mollis-crete
1496 4093 1667 4168 temptanda
1698 4112 1756 4154 nou
1784 4111 1847 4154 esse
1869 4100 1950 4168 puto.

348 4202 474 4262 Rostsnt
496 4202 554 4262 duo
582 4202 628 4261 illi
650 4218 751 4261 versus
776 4200 903 4274 „deinde
925 4219 961 4261 ex
985 4201 1140 4261 sensilibus
1164 4203 1214 4277 qui
1238 4203 1345 4263 sensile
1367 4219 1454 4276 66666
1482 4203 1577 4262 666661
1599 4194 1615 4284 s
1638 4202 1831 4276 constituunt,
1860 4219 1949 4275 porro

188 4328 225 4371 ex
249 4312 315 4370 eliis
339 4310 448 4369 sentire
470 4311 577 4372 sueti‘.

348 4417 419 4477 Cum
442 4435 604 4492 pronomen
633 4418 724 4492 ‚,qui“
748 4417 858 4478 hebere
888 4435 946 4479 nou
973 4418 1107 4478 videatur
1139 4436 1197 4493 qno
1226 4419 1380 4491 referatur,
1414 4418 1477 4478 lere
1508 4435 1608 4479 omnes
1645 4419 1822 4493 interpretes
1855 4436 1950 4493 66666

187 4525 828 4600 6661666166666666616616116666616
862 4542 948 4600 quem
971 4532 1039 4599 6661
1065 4543 1180 4586 versum
1209 4528 1273 4586 903
1305 4528 1486 4586 constituunt
1516 4526 1592 4586 ulius
1622 4527 1681 4586 slio
1709 4526 1796 4587 modo
1820 4528 1947 4600 explent.

347 4632 493 4693 Christius
514 4633 639 4707 (quaest.
661 4633 747 4693 Lucr.
779 4633 927 4693 Mdnclren
954 4633 1121 4708 1851166.
1149 4634 1210 4707 17),
1236 4632 1649 4709 (16616116616666611666.
1683 4633 1825 4708 Sslzbnrg
1851 4636 1946 4706 1817,

188 4759 235 4817 pg.
262 4741 805 4817 14),,866661111166(Ρ11161.111111,
837 4759 884 4816 pg.
910 4744 972 4820 77),
1004 4740 1140 4800 Lambini
1169 4742 1367 4800 coniecturum
1391 4742 1525 4814 „suetis“
1552 4743 1681 4815 61661661
1712 4747 1787 4802 sunt.
1833 4740 1947 4802 Deinde

188 4848 334 4909 Christius
364 4847 533 4909 Lucretium
566 4850 625 4908 tole
652 4848 764 4927 aliquid
788 4849 940 4928 scripsisse
968 4854 1068 4927 putat:
1102 4849 1278 4931 „principiis
1308 4855 1444 4909 66661666
1461 4855 1581 4922 putant
1611 4848 1947 4923 mortalibusseusns‚“
