4582 5690
1094 316 1113 391 i

221 538 344 598 atomo
367 544 500 613 tempore
523 538 745 603 dissolutionem
769 546 861 605 solam
885 545 1010 608 laturam
1034 548 1124 608 fuisse
1146 549 1241 608 docet.
1288 548 1385 607 dutaa
1407 547 1556 607 axiomata
1581 547 1643 620 „nil
1671 547 1709 606 ad
1733 547 1846 607 nilum“
1871 553 1900 606 et
1925 535 1988 619 „nil

222 644 259 705 de
281 647 366 706 uilo“
391 652 586 721 spectaverat,
619 667 697 710 nuno
719 668 822 713 revera
850 652 978 715 futurum
1006 654 1096 716 fuisse
1125 656 1313 727 demonstrat,
1348 660 1381 715 ut
1409 657 1490 729 ipsae
1513 671 1561 715 res
1590 654 1629 714 ad
1651 655 1743 713 nilum
1771 660 1989 729 revocarentur,

381 771 486 847 Itaque
509 791 610 834 versus
635 777 810 837 ato-564
836 779 992 840 divelleudi
1016 799 1076 842 nou
1099 800 1164 843 esse
1186 783 1258 841 mihi
1282 782 1425 841 videntur.

380 879 436 938 His
460 882 603 954 expositis
626 883 699 942 mihi
722 885 819 958 liceat,
851 889 997 960 quomodo
1021 906 1122 949 versus
1147 890 1322 949 uto-564
1351 907 1415 947 cum
1439 889 1482 948 eis
1505 889 1555 962 qui
1578 888 1769 961 praecedunt,
1800 888 1987 959 oua-539,

221 990 251 1043 et
274 985 317 1045 eis
347 987 396 1060 qui
420 996 590 1061 sequuntur,
617 991 803 1066 aua—598,
828 994 987 1055 cohaerere
1010 998 1184 1070 existimem,
1214 999 1315 1071 paucis
1338 998 1381 1056 ita
1404 997 1559 1070 disserere,
1590 1000 1623 1055 ut
1646 997 1776 1071 singulas
1800 1012 1874 1069 quae
1896 995 1988 1054 multa

222 1097 289 1151 suut
319 1091 509 1155 difficultates
537 1097 680 1159 omittam.
727 1101 826 1174 Atque
848 1118 949 1163 versus
974 1106 1160 1177 aaa-539,
1193 1106 1298 1179 quibus
1327 1106 1461 1178 corporis
1484 1111 1514 1163 et
1543 1105 1600 1163 loci
1624 1110 1744 1163 naturas
1774 1103 1900 1179 cogitari
1930 1120 1988 1162 uon

222 1217 316 1274 posse,
350 1202 421 1276 quin
445 1204 535 1263 etiam
558 1221 685 1279 corpora
706 1208 803 1280 prima
826 1210 921 1269 solida
944 1228 979 1271 ao
1002 1212 1065 1271 sine
1088 1214 1169 1272 inani
1193 1229 1256 1272 esse
1280 1217 1440 1284 sumantur,
1475 1212 1527 1270 illa
1549 1228 1629 1285 vero,
1664 1228 1728 1271 cum
1751 1212 1832 1270 inani
1856 1215 1987 1283 careant,

222 1308 309 1366 etiam
337 1314 460 1370 aeterua
493 1327 557 1372 esse
584 1312 692 1373 debere
724 1313 951 1391 demonstratur,
988 1337 1077 1379 unum
1111 1326 1313 1394 argumentum
1349 1319 1500 1378 continere
1528 1317 1680 1391 videntum
1712 1334 1779 1377 nam
1811 1332 1986 1392 quamquam

220 1419 360 1488 quattuor
382 1422 450 1475 suut
472 1423 583 1492 partes,
609 1421 796 1494 aot-510,
822 1425 1008 1497 all-519,
1035 1427 1220 1499 ato-527,
1247 1427 1433 1498 528-539,
1463 1432 1560 1485 tumen
1584 1425 1666 1484 nulla
1688 1441 1775 1498 pars,
1797 1424 1848 1484 scd
1872 1424 1986 1483 demum

219 1538 321 1584 omnes
345 1523 520 1585 coniunctae
543 1525 574 1585 id
598 1526 810 1603 demonstrant,
846 1532 924 1604 qaod
947 1539 1037 1606 poeta
1069 1552 1099 1593 se
1128 1534 1332 1609 expeditumm
1356 1549 1420 1593 esse
1442 1549 1528 1592 versu
1554 1534 1617 1592 500
1642 1532 1818 1606 promiserat
1843 1547 1929 1605 „essa
1952 1547 1987 1591 ea

221 1645 296 1703 quaa
318 1630 415 1691 solido
438 1637 527 1707 atque
550 1638 671 1694 aeterno
695 1648 819 1709 corpora
843 1641 1011 1703 consteut“.

378 1754 456 1815 Huic
480 1773 548 1818 vero
576 1766 748 1833 argumento
777 1768 874 1842 poeta,
903 1766 986 1823 cuius
1015 1768 1166 1841 permagni
1195 1768 1318 1825 interest
1348 1764 1567 1826 tundamentum
1598 1765 1690 1825 totius
1720 1763 1872 1824 doctrinae
1900 1780 1986 1838 quam

220 1861 427 1922 solidissimum
451 1864 583 1939 reddere,
608 1867 691 1927 addit
718 1874 866 1943 tamquam
896 1871 1174 1933 demonstrationem
1203 1891 1219 1933 e
1246 1875 1396 1934 contrario
1419 1878 1508 1948 atque
1538 1871 1670 1932 versibus
1695 1871 1869 1932 540-550
1897 1871 1987 1945 prim·

220 1970 305 2029 ordia
326 1977 448 2031 aeterna
471 1978 500 2033 et
524 1990 589 2033 cum
613 1975 670 2033 uisi
704 1976 854 2037 soliditate
877 1985 907 2039 et
930 1981 1118 2054 simplicitate
1147 1983 1286 2056 periculis
1310 1981 1405 2041 libera
1427 1998 1491 2041 esse
1511 1997 1570 2040 non
1593 1980 1718 2053 possint,
1743 1978 1837 2039 solida
1855 1979 1987 2052 putanda

217 2094 281 2137 esse
297 2079 434 2153 explicat.
459 2080 556 2141 Etiam
573 2083 663 2143 rerba
679 2084 753 2158 ipsa,
778 2087 858 2159 „uisi
883 2089 1021 2147 materies
1039 2096 1161 2148 aeterua
1179 2087 1304 2148 fuisset“
1329 2105 1364 2148 ea
1383 2105 1457 2162 quae
1477 2085 1657 2161 praecedunt
1674 2087 1755 2158 „sint
1776 2085 1848 2146 haec
1867 2091 1987 2145 aeterna

219 2190 389 2246 necessest“
413 2190 561 2263 respicere
584 2190 729 2253 videntur.
754 2224 796 2235 —-
820 2194 925 2268 ltaque
948 2212 1013 2255 oum
1037 2198 1094 2256 iam
1117 2204 1205 2255 antea
1227 2196 1428 2256 demonstrare
1451 2202 1573 2255 conatus
1596 2195 1661 2267 sim,
1686 2210 1772 2268 quam
1795 2199 1859 2253 arte
1886 2209 1986 2252 versus

219 2294 394 2356 asa-aao
418 2313 483 2356 cum
507 2298 638 2358 versibus
663 2301 838 2361 551--564
863 2319 975 2362 conexa
998 2305 1067 2378 sint,
1091 2311 1152 2363 tres
1175 2303 1316 2363 habemus
1338 2303 1478 2363 articulos
1502 2302 1630 2362 eiusdem
1654 2302 1833 2376 argumenti:

438 2408 464 2467 l.
488 2407 675 2481 principio
700 2408 886 2484 oua-539,
913 2412 942 2472 2.
965 2418 1170 2486 praeterea
1194 2413 1380 2484 540-550,
1407 2410 1616 2485 alanique
1641 2411 1826 2471 adl—564.

381 2527 521 2603 Sequitur
543 2532 623 2591 aliud
646 2535 869 2607 argumentandi
892 2553 983 2611 genus
1006 2538 1139 2597 versibus
1170 2539 1233 2599 565
1262 2555 1325 2612 sqq.
1372 2537 1459 2611 „Huc
1486 2536 1601 2597 aceedit
1624 2537 1668 2595 uti
1691 2535 1764 2596 etc.'’
1810 2533 1841 2595 Si
1873 2534 1984 2594 aolidae

220 2634 322 2708 atomi,
346 2635 390 2694 ait
413 2635 577 2711 Lucretius,
602 2638 822 2702 fundamentum
845 2649 968 2704 naturae
991 2661 1055 2704 esse
1077 2653 1239 2719 sumuntur,
1265 2662 1323 2705 oon
1347 2644 1441 2705 solum
1464 2662 1522 2718 quo
1545 2650 1633 2718 pacto
1656 2643 1729 2703 laec
1752 2658 1848 2701 rerum
1872 2657 1984 2701 summa

220 2739 281 2815 fiat,
306 2758 402 2817 quae,
415 2761 479 2803 cum
504 2762 540 2806 ex
563 2763 641 2823 aere,
672 2766 759 2825 aqua,
783 2757 872 2825 tarra,
897 2752 1055 2827 vaporibus
1079 2760 1203 2828 constet,
1232 2756 1262 2813 in
1286 2754 1452 2812 uuiversum
1474 2752 1571 2812 mollis
1602 2751 1661 2810 dici
1684 2754 1792 2824 potest,
1821 2748 1984 2809 sedetiam

219 2866 278 2924 qua
299 2851 329 2910 vi
352 2852 469 2927 singula
491 2870 633 2929 quaeque,
667 2857 728 2917 sire
747 2858 861 2933 duram,
887 2861 947 2919 sire
975 2861 1079 2934 spissa,
1104 2863 1166 2921 sive
1184 2862 1286 2920 mollia
1307 2866 1449 2936 geruntur
1476 2860 1618 2933 explicari
1646 2855 1785 2933 pateam
1831 2857 1880 2916 Illi
1903 2873 1983 2929 vero,

218 2958 268 3032 qui
297 2959 398 3018 mollia
426 2961 589 3034 primordia
618 2980 682 3023 csse
709 2971 824 3039 putant,
857 2984 1031 3042 quamquam
1060 2986 1095 3028 ea
1123 2986 1197 3042 quae
1227 2969 1328 3028 mollia
1354 2974 1421 3026 sunt
1453 2965 1599 3041 quomodo
1627 2964 1706 3025 iacta
1733 2966 1802 3038 sint,
1836 2965 1983 3039 explicare

218 3073 350 3141 possunt,
379 3074 477 3128 tamen
506 3087 564 3144 qua
594 3072 623 3131 ri
650 3072 767 3148 singula
799 3091 931 3149 quaeque
963 3078 1105 3151 gerantur
1136 3083 1166 3136 et
1193 3076 1272 3135 unde
1299 3075 1389 3135 ualidi
1418 3075 1517 3134 silices
1545 3072 1712 3147 ferrumque
1741 3072 1836 3132 creari
1868 3073 1983 3145 possint

219 3174 362 3235 rationem
385 3174 509 3237 reddere
532 3185 687 3253 nequeunt.

378 3301 482 3377 Itaque
505 3303 629 3379 Epicuri
652 3306 816 3368 doctrinam
842 3324 940 3367 veram
963 3325 1027 3368 esse
1049 3316 1080 3369 et
1103 3309 1265 3383 primordia
1288 3308 1384 3368 solida
1406 3307 1551 3382 pollentia
1573 3306 1764 3381 simplicitate
1787 3321 1851 3365 esso
1874 3303 1982 3364 debere

218 3408 376 3468 secundum
400 3410 475 3470 illud
498 3413 632 3487 magistri
656 3414 784 3474 edictum
807 3415 966 3496 concludit,
990 3417 1069 3490 quod
1091 3417 1170 3491 apud
1186 3417 1347 3493 Diogenem
1364 3414 1514 3475 Laertium
1538 3414 1567 3472 X
1592 3416 1634 3473 34
1656 3413 1797 3488 scriptum
1821 3413 1981 3473 invenitur:

220 3511 322 3597 ἀληθῆ
345 3511 377 3576 τέ
400 3534 474 3599 φασι
497 3515 547 3578 καὶ
570 3517 667 3601 ψευδῆ
690 3519 859 3603 τυγχάνειν·
905 3516 941 3582 ἂν
965 3519 1017 3604 μὲν
1040 3520 1096 3605 γὰρ
1120 3520 1349 3606 ἐπιμαρτυρῆται
1372 3518 1392 3602 ῆ
1416 3519 1457 3603 μὴ
1480 3518 1733 3603 ἀντιμαρτυρῆται,
1765 3515 1867 3600 ἀληθῆ
1896 3513 1980 3579 εἶναι·

221 3617 272 3683 ἐὰν
296 3617 330 3683 δὲ
354 3619 395 3704 μὴ
418 3620 650 3708 ἐπιμαρτυρῆται
673 3623 693 3707 ῆ
715 3625 969 3711 ἀντιμαρτυρῆται,
994 3629 1089 3713 ψευδῆ
1112 3628 1279 3712 τυγχάνειν.
1326 3630 1448 3705 Epicuri
1472 3631 1564 3704 igitur
1579 3630 1726 3689 sententia
1741 3645 1811 3688 vcra
1833 3634 1887 3700 eat,
1913 3628 1982 3701 quia

218 3747 282 3791 cum
310 3747 347 3791 ea
382 3735 482 3793 omnia
509 3740 683 3810 congruunt,
717 3736 950 3798 adversariorum
982 3737 1070 3812 falsa,
1106 3740 1176 3813 quia
1204 3740 1248 3798 illi
1276 3755 1335 3798 non
1364 3739 1491 3798 omnium
1520 3754 1617 3796 rerum
1648 3737 1791 3811 originem
1831 3735 1981 3810 explicare

217 3846 351 3914 possunt.
397 3840 496 3902 Antea
518 3843 650 3903 versibus
675 3845 850 3904 503-564
875 3847 964 3905 certis
988 3847 1163 3920 quibusdam
1186 3846 1282 3905 causis
1312 3850 1364 3905 aut
1387 3843 1566 3904 refutatione
1589 3843 1732 3904 contrarii
1762 3842 1793 3902 id
1816 3841 1894 3917 quod
1918 3842 1981 3901 vult

217 3945 438 4010 demonstravit.
483 3950 582 4009 Antea
604 3946 693 4011 dixit:
719 3953 797 4025 „uisi
821 3955 958 4013 materies
981 3960 1103 4015 aeterua
1125 3953 1276 4026 fuisset,
1308 3954 1432 4013 antehac
1455 3952 1493 4011 ad
1523 3953 1614 4011 nilum
1638 3952 1755 4026 penitus
1777 3967 1826 4010 res
1849 3966 1981 4024 quaeque

218 4054 412 4118 redissent.
458 4055 495 4116 de
518 4058 637 4133 niloque
659 4067 764 4120 renata
786 4058 955 4135 torent“,
990 4063 1036 4135 „si
1060 4062 1169 4121 nullam
1193 4060 1279 4120 finem
1310 4067 1417 4120 natura
1446 4062 1657 4134 parasset“,
1692 4059 1748 4119 hoo
1772 4059 1836 4119 loco
1860 4075 1981 4131 prorsus

217 4162 308 4222 alitur
330 4162 416 4222 dicit:
441 4169 494 4237 „at
516 4167 668 4226 contrusi
691 4167 792 4228 mollia
814 4169 894 4227 sint
920 4200 959 4212 -
985 4186 1043 4229 uon
1067 4170 1208 4242 poterit
1230 4170 1307 4231 ratio
1330 4168 1424 4228 reddi.

377 4410 402 4481 ‘)
422 4411 563 4475 ,poddere‘t
582 4413 634 4465 hoc
659 4413 718 4466 loco
737 4413 825 4467 valere
849 4415 993 4478 ,audonem
1018 4413 1142 4467 reddere‘t
1168 4423 1194 4466 et
1211 4431 1259 4483 pro
1279 4414 1417 4482 „possint‘
1436 4413 1603 4466 scribendum
1630 4429 1688 4465 auae
1707 4412 1827 4480 „pomu‘t
1846 4412 1979 4480 Sauppius

217 4499 308 4552 docuit
331 4500 365 4553 de
387 4502 419 4557 Τ.
444 4501 522 4557 Lucu.
555 4503 647 4554 codice
670 4504 822 4556 victoriano
847 4521 893 4572 pg.
922 4508 963 4559 13.
1001 4506 1068 4557 Voei
1091 4506 1214 4572 ,‚omaia“
1239 4504 1399 4556 vocabulum
1425 4505 1579 4570 „qumque‘t
1603 4503 1719 4570 graviter
1741 4502 1841 4569 opponi
1866 4501 1978 4555 videtur.

218 4590 382 4656 Quamquam
408 4593 505 4655 omnia,
531 4608 584 4655 aer,
608 4608 684 4658 aqua,
707 4602 784 4657 terra,
810 4609 931 4662 vapores,
961 4611 975 4646 o
997 4596 1093 4661 quibus
1118 4595 1184 4646 haee
1207 4611 1293 4648 rerum
1318 4596 1463 4646 consistere
1488 4610 1590 4645 summa
1608 4592 1712 4644 videtur
1736 4593 1778 4660 (V,
1797 4590 1869 4659 237),
1889 4591 1980 4642 mollia

218 4666 283 4731 duat
301 4682 345 4749 (V,
373 4681 535 4753 tta-494),
563 4692 650 4734 ιαιιιαιι
674 4684 780 4751 singula
799 4700 918 4751 quaeque
937 4695 981 4736 aut
999 4686 1084 4752 magis
1104 4685 1237 4736 condenso
1264 4685 1407 4736 consciliata
1435 4685 1514 4735 amari
1532 4691 1642 4749 possunt
1659 4680 1814 4747 validasque
1842 4680 1979 4732 ostendere

218 4769 296 4833 viros,
315 4778 344 4820 ut
362 4769 453 4823 silicus
472 4780 497 4823 et
515 4772 621 4837 sarrana,
647 4784 714 4839 quae
732 4774 844 4825 hamatis
863 4783 889 4825 ct
907 4776 1018 4826 ramosis
1036 4774 1188 4841 primordiis
1208 4783 1400 4842 componuntur
1419 4774 1462 4841 (ΙΙ,
1482 4776 1532 4827 tlt
1553 4772 1622 4842 sqq.)
1646 4780 1690 4823 aut
1709 4772 1808 4823 rariora
1827 4780 1896 4832 suut,
1916 4771 1979 4838 qula

217 4873 250 4909 cx
268 4858 372 4913 levibus
391 4868 469 4926 atquc
487 4860 605 4914 rotundis
624 4863 778 4930 corporibus
796 4864 889 4932 primis
907 4872 1036 4919 consuat.
