4582 5690
1085 310 1105 315 „
1124 218 1238 317 Ab..

284 440 436 500 consentio
461 444 540 499 teuta
570 439 657 513 (quae
689 439 718 497 in
748 454 832 497 versu
863 435 926 497 548
956 443 1067 497 mutum
1097 443 1271 496 tremescere
1302 436 1452 513 dicuntur)
1481 439 1527 497 uel
1560 439 1644 498 sedes
1672 442 1844 499 exultare
1871 458 1929 500 non
1958 458 2044 514 posse

283 565 379 624 neque
403 547 561 606 uerisimile
585 563 648 605 esse
672 546 726 606 hos
749 562 851 604 uersus
875 544 951 605 idem
984 546 1082 603 valere
1116 551 1204 618 utque
1228 560 1327 602 uersus
1362 546 1436 617 548,
1472 547 1545 607 549.
1592 547 1687 605 Aliam
1721 548 1797 606 viam
1831 548 2043 608 emendationis

282 654 427 729 Bergkius
452 654 599 728 ingressus
620 652 733 728 (Jahrb.
758 654 799 711 67
824 670 871 725 pg.
897 653 959 710 327
985 650 1040 726 sq.)
1063 650 1248 711 scribendum
1278 667 1342 710 esse
1365 654 1531 725 proposuit:
1564 655 1719 726 „exultant
1748 655 1840 728 rupis,
1871 654 2043 729 ubicumque

283 764 339 822 viai
356 758 370 844 l
394 761 520 821 ferratos
535 761 655 836 auriga’‘
720 760 777 819 Sed
793 775 881 832 rupes
897 765 1068 819 transeunte
1085 776 1172 818 curru
1195 759 1360 818 exultantes
1384 776 1486 819 uereor
1509 777 1545 819 ue
1568 778 1652 822 nemo
1676 778 1811 837 umquam
1827 762 1935 822 uiderit
1950 778 2046 836 neque

287 870 357 944 quid
381 870 423 927 eis
447 867 498 927 fiat
523 883 596 942 quae
626 884 752 941 superne
779 871 950 940 premuntur
978 874 1067 939 poeta
1095 866 1296 925 demonstrare
1324 865 1449 939 uidetur,
1483 867 1534 927 sed
1568 870 1709 942 quantula
1741 886 1829 928 causa
1857 887 1904 928 res
1933 870 2045 928 succuti

285 977 408 1051 possint.
454 975 609 1049 Utrimque
632 992 701 1035 uero
735 980 867 1034 rotarmn
891 973 1017 1033 serratos
1050 974 1136 1033 orbes
1159 974 1270 1032 saecuti
1304 974 1399 1033 altera
1430 982 1496 1034 rota
1528 977 1558 1034 iu
1591 993 1692 1050 rupem
1717 983 1864 1037 extantem
1896 977 2044 1037 incidente

283 1102 367 1144 neruo
391 1082 519 1157 negabit.
565 1083 657 1142 Inuum
681 1083 732 1141 illa
756 1087 822 1141 rota
846 1098 919 1156 quae
942 1099 1003 1145 non
1025 1081 1129 1140 incidit
1152 1081 1284 1140 exultare
1308 1083 1392 1155 solet,
1417 1089 1541 1156 utraque
1563 1084 1734 1144 succutitur.

443 1191 546 1250 Restat
569 1191 693 1250 mutatio
717 1207 802 1265 quum
822 1189 935 1249 Pollius
958 1206 974 1247 e
998 1188 1093 1248 verbis
1115 1187 1234 1247 truditis
1257 1190 1411 1263 quiequam
1433 1191 1588 1250 tolerabile
1610 1193 1676 1251 elici
1693 1208 1779 1265 posse
1803 1194 1861 1252 iaur
1885 1192 2044 1265 desperans

284 1299 418 1373 protulit.
441 1299 609 1358 annotavit:
633 1298 668 1357 Iu
692 1297 748 1357 den
771 1296 957 1356 Bucbstaben
982 1313 1013 1355 es
1037 1296 1142 1369 dupuis
1166 1313 1244 1355 muas
1267 1297 1330 1356 also
1354 1297 1462 1370 liegen:
1504 1297 1534 1372 1)
1557 1299 1609 1360 das
1633 1298 1758 1371 Subjekt
1781 1308 1819 1358 ἰιι
1840 1300 1984 1372 exultant,
2013 1302 2045 1374 2)

283 1407 336 1466 das
358 1405 482 1478 Subjelrt
505 1424 540 1465 ιι
564 1408 699 1479 succutit,
736 1404 768 1480 3)
790 1405 838 1464 die
861 1421 898 1463 ιιι
921 1420 1043 1478 cumque
1066 1403 1233 1478 geborende
1255 1403 1396 1464 Partikel.
1442 1403 1504 1464 Das
1527 1406 1566 1464 ist
1589 1424 1625 1464 zu
1649 1406 1714 1467 viel.
1737 1434 1739 1440 v
1763 1406 1814 1465 leb
1838 1408 1922 1466 weiss
1937 1407 2044 1465 keinen

284 1514 395 1574 andern
418 1514 503 1588 Weg,
528 1515 572 1573 als
595 1530 631 1572 ιιι
654 1512 819 1572 schreiben:
843 1529 897 1572 nee
921 1513 1015 1572 minus
1038 1513 1172 1571 exultant
1195 1527 1294 1583 onera,
1320 1510 1407 1571 umbo
1432 1511 1605 1586 ubicumque
1629 1513 1687 1571 viui
1722 1532 1747 1574 u.
1783 1532 1805 1573 s.
1829 1531 1862 1574 u.
1908 1512 1983 1572 Eine
2009 1529 2045 1571 ιιι

287 1621 373 1681 unrbo
397 1620 654 1696 beigescbriebene
677 1604 845 1694 Erkltruug
867 1620 954 1694 (etue
977 1618 1117 1693 clupeus?
1139 1618 1216 1678 deun
1240 1618 1284 1677 sie
1306 1618 1431 1677 brancbt
1450 1619 1484 1690 ja
1506 1619 1588 1678 nicbt
1610 1620 1720 1696 ricbtig
1742 1637 1873 1696 genesen
1904 1634 1948 1678 ιιι
1970 1620 2046 1696 sein)

284 1730 431 1789 entstellte
454 1728 510 1788 den
533 1728 616 1790 Text.
663 1728 831 1788 Sententiae
865 1727 981 1801 quidem
1005 1724 1148 1786 satisfecit
1169 1725 1289 1787 Pollius.
1336 1726 1475 1786 Attamen
1503 1726 1556 1785 illa
1582 1729 1706 1787 mutatio
1740 1743 1842 1803 parum
1873 1728 2042 1786 verisimilis

285 1844 338 1897 est.
383 1836 512 1895 Primum
536 1836 613 1895 eninr
636 1840 748 1895 ueteres
772 1834 1049 1908 asperitatemviae
1073 1832 1265 1907 „umbonem”
1288 1834 1484 1907 appellavisse
1507 1836 1682 1910 negaverim.
1729 1835 1843 1895 Deinde
1866 1835 1990 1907 etiamsi,
2015 1835 2045 1893 id

286 1944 363 2018 (pund
386 1944 556 2018 Briegerum
580 1959 687 2017 negare
710 1943 766 2001 ianr
790 1958 879 2015 supra
899 1942 1131 2014 commemorari,
1156 1942 1187 1999 in
1202 1942 1329 2000 camnine
1345 1940 1521 2001 Lucretiano
1537 1943 1715 2016 glossemata
1729 1944 1924 2017 inveniantur,
1944 1950 2041 2002 tanuen

286 2051 431 2124 ‹pnornodo
455 2050 544 2110 uerba
567 2055 672 2123 poetae
695 2054 851 2122 tantopere
875 2048 1029 2121 depravari
1053 2048 1203 2121 potuerint
1227 2065 1284 2108 nen
1309 2050 1381 2108 satis
1404 2048 1588 2124 intelligitur.

446 2157 522 2217 'lota
544 2174 613 2218 uero
637 2156 767 2217 turbatio
791 2157 860 2215 inde
883 2162 949 2215 orta
979 2172 1042 2215 esse
1066 2155 1190 2227 uidetur,
1223 2156 1299 2230 quod
1332 2157 1464 2216 homines
1497 2157 1576 2216 docti
1609 2174 1666 2217 non
1696 2158 1832 2218 uiderunt
1864 2156 2043 2230 Lucretium,

287 2265 357 2340 qnid
380 2271 587 2337 succuteretur,
612 2266 684 2322 sutis
707 2269 809 2337 aperte
832 2264 888 2321 iam
913 2263 1023 2323 dixisse
1047 2262 1159 2322 vorbis:
1200 2279 1274 2335 „uec
1297 2264 1391 2322 minus
1422 2262 1547 2323 ferratus
1575 2266 1721 2339 utrimque
1761 2272 1891 2325 rotarum
1920 2266 2045 2323 succutit

287 2374 398 2433 orben.”
444 2372 519 2445 Quid
547 2378 643 2431 autem
674 2370 820 2430 succutit?
870 2370 978 2444 Rupes,
1017 2377 1049 2429 ut
1082 2376 1232 2430 succutere
1265 2372 1369 2444 possit,
1398 2377 1500 2431 estare
1530 2372 1625 2431 debet.
1682 2374 1784 2446 ltaque
1807 2373 1862 2431 boc
1886 2372 1973 2431 modo
1998 2372 2042 2430 vel

288 2483 424 2540 similiter
447 2479 606 2539 scribatur:

733 2621 827 2709 „Nec
847 2622 942 2680 minus
965 2622 1093 2680 extentis
1116 2622 1199 2695 rupis
1222 2580 1292 2681 visi
1316 2601 1438 2660 ⁰⁰mq¹¹⁰
1466 2580 1482 2673 l
1506 2623 1563 2680 uiui

1068 2742 1072 2755 Ι
1278 2672 1291 2755 l
1314 2691 1445 2750 quaeque
1465 2673 1478 2758 1

752 2781 879 2843 serratos
903 2783 1049 2856 utrimque
1072 2788 1201 2842 rotarum
1226 2783 1351 2842 succutit
1373 2781 1485 2845 orbes.’'

448 2890 575 2964 Propter
598 2889 817 2963 similitudinem
842 2889 1006 2948 litterarum
1030 2887 1169 2948 facillime
1192 2887 1259 2949 fueri
1283 2895 1409 2969 poterat,
1434 2896 1466 2949 ut
1493 2889 1632 2949 librarius
1660 2890 1752 2950 oculis
1784 2889 1925 2949 aberrans
1947 2891 2049 2962 rupuis

290 3000 441 3058 scriberet.
487 2998 561 3057 Mihi
586 2996 704 3056 dubium
728 3004 772 3056 est
796 3013 833 3056 au
859 2996 1018 3071 „cumque”
1042 2998 1136 3070 possit
1158 2998 1279 3057 retineri
1303 2995 1463 3057 conferenti
1489 2997 1606 3056 Horatii
1630 3015 1717 3060 carm.
1742 2998 1766 3070 1,
1793 3000 1889 3070 32,13
1914 3015 1990 3072 squ:
2024 2997 2047 3055 0

291 3108 380 3167 decus
405 3105 516 3166 Pboebi
541 3113 570 3165 ct
595 3104 719 3177 dapibus
743 3105 870 3179 supremi
893 3098 909 3186 l
931 3110 1018 3179 grata
1046 3105 1163 3165 testudo
1186 3105 1280 3177 louis,
1310 3121 1327 3163 o
1356 3103 1489 3163 laborum
1509 3099 1524 3185 s
1547 3105 1632 3163 dulce
1662 3105 1797 3178 lenimen,
1827 3104 1897 3163 mibi
1927 3121 2049 3178 cumque

291 3215 371 3275 salve
394 3208 409 3297 J
432 3214 489 3273 rite
512 3213 656 3287 uocanti’,
680 3211 730 3271 ubi
755 3229 928 3287 quamquam
952 3213 1009 3271 iam
1033 3212 1196 3272 Bentleium
1222 3211 1378 3272 offendisse
1402 3218 1431 3271 et
1459 3229 1477 3271 u
1504 3212 1604 3271 multis
1634 3210 1800 3272 bominibus
1829 3211 1924 3271 doctis
1954 3211 2046 3270 Laeb-

290 3322 388 3381 mauni
422 3322 619 3381 coniecturam
653 3319 891 3394 „medicumque”
915 3318 1100 3393 comprobari
1124 3337 1183 3379 nun
1206 3322 1321 3397 ignoro,
1347 3320 1508 3394 „cumque”
1532 3337 1584 3380 suo
1608 3321 1674 3380 loco
1698 3326 1776 3380 stare
1806 3320 1950 3380 existimo.
1995 3318 2047 3378 clu.

290 3429 376 3490 Lucr.
395 3428 425 3487 II
452 3430 529 3487 114:
554 3427 790 3500 „contemplator
812 3428 899 3499 eninr,
924 3443 988 3485 euru
1012 3426 1083 3486 solis
1106 3427 1216 3486 luminu
1239 3443 1361 3501 cumque
1384 3429 1487 3507 inserti
1511 3426 1636 3487 fundunt
1659 3428 1734 3486 radii
1757 3444 1811 3500 per
1834 3444 1927 3500 opaca
1951 3426 2049 3486 domo·

291 3536 381 3596 rum.'’
427 3535 562 3594 Iioltzius
586 3539 663 3608 synt.
688 3532 773 3592 Lacr.
797 3552 844 3608 pg.
872 3535 932 3593 193
967 3532 1007 3592 ibi
1034 3535 1194 3608 „eumue”
1225 3551 1279 3608 pro
1314 3542 1365 3609 „et
1395 3535 1477 3593 eum”
1505 3535 1631 3608 positum
1663 3552 1727 3594 esse
1756 3535 1835 3595 dicit.
1883 3534 1939 3594 Sed
1965 3533 2050 3609 „ium

291 3643 378 3703 dere'‘
406 3660 460 3715 pro
490 3659 542 3716 „se
570 3640 709 3700 lundere”
737 3643 782 3701 uel
813 3640 931 3713 „fundi”
962 3658 1018 3700 non
1051 3642 1156 3705 iuueni.
1182 3641 1232 3701 cir.
1257 3642 1297 3701 lV
1323 3643 1405 3720 0373:
1452 3659 1588 3716 „sempor
1621 3645 1696 3702 enim
1729 3659 1819 3701 noua.
1837 3660 1868 3701 se
1901 3642 2049 3701 radiorum

293 3751 403 3810 lumina
425 3748 576 3810 fundunt.”
